921 1304
181 57 211 71 ²04
425 53 450 68 Ex
461 53 545 68 Sem-naria
556 53 605 67 Staius

221 108 305 133 Agrea,
326 108 473 133 Monseigneur,
492 107 618 132 l'expression
636 106 661 125 de
679 113 720 125 mes
738 107 851 125 sentiments

181 139 265 158 devoues
279 145 302 157 en
317 139 376 157 N.-S.

222 171 289 191 Rome.
304 170 322 189 le
338 176 362 193 24
376 169 489 194 Septembre
507 175 561 195 1907,

534 210 557 229 R.
570 210 627 228 Card.
637 209 707 228 Meum(
724 215 761 228 nu
776 209 824 228 Vm..

267 269 300 287 Ex
313 268 413 287 audientia
427 268 493 289 ssmi,
503 268 534 286 die
547 273 570 286 21
585 268 698 292 Septembris
712 273 767 293 1907.

222 313 293 332 §Sanus
308 313 332 332 D.
352 313 375 331 N.
391 313 434 331 Pius
451 312 514 331 divina
533 312 652 337 providentia
667 312 700 331 PP.
720 312 739 331 X
758 312 851 331 referente

183 351 213 363 me
227 344 346 368 infrascripto
361 344 457 362 Cardinali
471 350 483 362 a
497 344 580 362 Secretis
594 344 664 365 smus.
675 343 753 362 attentis
767 343 852 368 speciali-

183 376 218 394 bus
228 375 374 394 circumstantiis
388 375 406 394 in
417 376 486 399 quibus
495 381 545 394 nune
555 375 641 394 Ecclesia
655 375 747 393 catholica
757 375 777 393 in
790 374 853 393 Gallia

182 410 273 427 versatur,
284 406 368 425 fidelium
377 406 469 431 spirituali
483 407 534 425 bono
545 406 643 425 consulere
653 406 732 430 cupiens
742 406 760 424 in
770 406 793 424 iis
803 411 852 430 quae

183 439 277 456 bonorum
291 437 462 456 ecclesiasticorum
477 437 610 456 alienationem
628 437 736 461 respiciunt,
752 436 853 455 facultates

184 475 232 493 quae
251 472 355 492 sequuntur
372 468 420 487 illius
438 469 520 487 nationis
538 468 645 488 Ordinariis
664 468 770 487 concedere
787 468 853 493 digna-

153 497 155 499 ’
184 504 215 518 tus
228 503 263 518 est.

305 544 329 562 Α.
340 555 352 558 -
362 550 484 563 FACULTATES
498 550 523 563 1>ss
537 550 591 563 florus
606 550 735 563 mmomunus.

512 589 526 607 1.

228 644 243 656 1.
258 637 382 656 Admittmdi
398 638 422 656 ad
436 644 518 662 aequam
532 638 696 662 compositionem,
709 638 762 657 iuxta
776 644 853 657 normas

184 675 233 693 quae
248 673 361 693 sequuntur,
377 669 508 688 christifideles
522 670 554 694 qui
568 670 619 688 bona
635 669 740 688 immobilia.
754 669 853 688 Ecclesiae

184 704 250 725 erepta
264 700 305 719 sine
315 701 400 719 eiusdem
415 700 513 719 Ecclesiae
523 701 579 719 venia
593 701 730 725 acquisierunt:
746 700 776 719 vel
790 701 853 725 acqui-

184 731 221 750 sita
235 732 373 753 alienaverunt:
392 729 411 751 e't
430 732 570 756 prsedictorum
584 732 678 750 haeredes
691 735 710 750 et
724 737 854 756 quoscumque

186 769 312 782 successores.

227 800 243 812 2.
259 794 351 812 Procedat
365 794 483 815 Ordinarius,
499 794 516 812 in
531 794 668 818 compositione
683 793 774 815 facienda,
790 793 815 812 de
829 793 854 811 in-

185 825 291 850 telligentia
308 825 387 844 aliorum
405 825 549 844 Ordinariorum
569 826 584 843 si
600 831 680 849 quorum
698 825 778 846 intersit,
797 828 817 843 et
830 824 855 843 de

186 862 280 875 consensu
294 862 361 875 eorum
370 857 402 881 qui
417 857 533 881 respectivas
543 862 609 875 causas
624 857 666 881 pias
680 856 771 874 canonice
781 861 855 879 reprae-

186 892 267 908 senoent,
282 887 400 912 aliorumque
415 888 506 906 canonice
521 888 612 906 interesse
627 888 742 906 habentium.

227 925 244 942 3,
260 918 280 937 ln
295 919 400 943 quantitate
414 925 487 943 aequae
497 919 640 943 compositionis
654 918 798 937 determinanda
812 925 854 937 con-

172 959 174 962 <
187 949 306 969 siderentur:

227 982 248 1006 a)
263 982 363 1000 fundorum
372 981 426 1000 valor
432 981 489 1000 realis
495 988 519 1000 eo
528 986 615 1006 tempore
622 988 661 1006 quo
668 982 782 1006 compositio
790 981 854 1002 initum

228 1013 246 1037 b)
262 1013 343 1037 pretium
357 1013 469 1037 emptionis:

227 1045 244 1068 c)
260 1050 351 1068 praesens
364 1048 460 1062 oratorum
475 1047 546 1065 status;

226 1075 248 1098 d)
263 1075 281 1093 id
296 1075 314 1093 in
328 1081 367 1099 quo
377 1075 413 1099 ipsi
428 1079 514 1093 oratores
528 1081 571 1093 cum
581 1075 651 1093 damno
666 1074 763 1093 Ecclesiae
777 1075 855 1093 ditiores

188 1106 231 1125 faeti
245 1110 297 1127 sunm

227 1138 245 1162 ι)
253 1143 311 1156 onera
319 1137 355 1161 pia,
364 1143 449 1161 quorum,
458 1137 474 1155 si
482 1136 551 1158 adsint,
560 1137 662 1161 praecipue
669 1137 717 1155 ratio
725 1137 813 1155 habenda
820 1140 854 1155 est.
