921 1304
170 53 187 66 14
198 45 200 47 “
459 49 525 67 Epistota

168 102 245 123 tificatu.
265 109 352 121 curarum
370 109 445 121 summa
464 103 503 124 suit,
523 103 584 121 facere
606 103 691 127 profecto
711 102 762 122 nullo
781 103 840 122 modo

168 140 269 157 possumus
284 138 304 152 ut
314 140 351 153 non
362 134 424 155 istum,
435 134 467 159 qui
478 134 564 158 proxime
574 134 680 156 habebitur,
692 134 838 153 eucharisticum

168 171 179 184 e
197 165 279 184 dioecesi
299 172 424 190 congressum
443 165 578 184 benevolentia
596 166 751 190 complectamur,
771 172 782 184 e
800 172 840 190 quo

169 202 206 215 non
222 197 295 215 minora
309 201 433 221 expectamus
451 197 544 215 exstitura
563 197 680 215 incrementa
699 197 764 221 pietati
784 197 839 215 Cata>

169 228 261 246 nensium.
277 228 375 246 Eiusmodi
391 234 472 252 namque
491 228 638 252 congressiones
656 232 694 246 tam
712 232 756 247 sunt
774 228 840 247 animo

169 260 240 278 Nostro
254 265 315 281 carae,
331 265 388 284 quam
407 263 452 278 sunt
470 259 583 278 christianae
602 259 653 283 plebi
672 259 770 278 salutares.
790 259 838 278 Esse

169 294 233 309 autem
248 291 321 315 spiritui
336 290 421 309 salubres
439 291 483 309 inde
501 290 521 309 fit
539 290 664 315 exploratum.
683 291 734 315 quod
753 297 840 309 amorem

169 328 191 340 ac
206 322 305 340 benefacta
325 322 395 341 Chrisxi
413 327 533 341 sacramento
551 322 596 340 tecti
615 322 755 343 concelebrent,
775 322 840 341 huma-

170 359 252 377 numque
267 359 329 378 genus
342 353 366 372 ad
381 354 523 378 rependendam
538 360 580 372 cum
595 353 696 372 dilectione
709 354 791 378 gratiam
801 353 840 372 alli-

169 385 225 403 ciant.
241 385 282 403 Nos
295 389 365 406 autern.
381 385 449 409 quibus
464 389 493 403 est
508 391 553 409 prae
568 391 588 403 re
602 385 654 403 omni
674 391 785 409 persuasum
800 391 839 404 non

169 422 227 440 posse
241 416 328 435 homines
342 416 366 434 ad
380 416 469 434 virtutem
487 415 586 434 colendam
605 415 681 440 appelli.
700 416 735 434 nisi
754 416 838 434 divinum

170 451 226 466 antea
241 447 322 472 diligant
335 447 433 472 exemplar
447 447 527 468 virtutis,
542 453 588 465 sane
603 453 660 471 quam
675 447 755 465 libenter
771 453 841 472 oppor-

170 479 269 497 tunitatem
284 479 339 497 istam
355 479 481 497 nanciscimur
495 478 608 497 adhortandi
623 478 689 497 fideles
704 482 723 496 ut
738 478 761 496 ad
772 478 840 496 eucha-

170 510 253 528 risticum
269 510 397 528 Catanensem
412 514 487 528 coetum
502 510 588 528 celebres
604 510 706 530 confluant,
726 510 744 527 in
763 515 801 533 quo
819 513 841 527 et

170 541 262 566 cogitatio
276 545 296 559 et
311 547 365 559 mens
379 545 398 559 et
412 541 494 559 studium
509 541 533 559 ad
548 541 661 559 suavissima
676 541 766 565 mysteria
775 540 842 559 altaris

170 572 287 590 adiicientur.
304 572 348 596 Qua
361 572 438 597 quidem
454 573 472 590 in
487 578 559 593 caussa,
579 572 643 590 omnia
662 572 703 590 sine
720 571 779 590 dubio
797 578 840 596 pro>

170 603 266 621 habuntur
280 603 403 622 vehementer
418 603 484 624 Nobis,
502 609 633 627 quaecumque
647 603 671 621 ad
685 603 839 627 amplificandum

171 635 210 652 sive
225 640 309 652 amorem
324 634 364 653 sive
381 634 452 653 cultum
471 634 584 653 sacramenti
603 634 679 659 augusti
698 634 766 652 suerint
785 634 841 652 vobis

170 665 249 684 consilia
263 670 337 689 coepta.
353 666 380 684 At
394 666 415 687 si,
431 666 501 684 Nostra
515 672 526 684 e
541 666 641 686 sententia,
651 669 707 683 erunt
716 665 779 690 aliqua
788 669 841 684 ante-

171 691 260 721 ponenda
274 697 348 722 ceteris,
364 703 387 715 ea
401 702 444 715 sunt
457 703 507 721 quae
522 697 616 715 actionem
631 701 723 721 spectant,
743 703 765 715 ac
783 697 840 718 viam,

171 728 221 746 unde
236 728 319 752 practice
333 728 394 747 cultus
408 728 534 747 eucharistiae
546 733 625 747 sanctae
634 732 758 753 propagetur.
772 728 838 749 Vobis,

170 765 220 784 quae
234 759 253 778 in
268 760 303 778 hoc
318 759 351 778 tali
364 766 436 784 genere
451 764 559 784 opportuna
574 764 593 778 et
607 764 652 784 apta
661 760 762 778 videantur
772 760 838 784 magis,

171 795 226 809 erunt
240 795 291 809 certe
305 790 431 815 disceptando
445 791 552 815 perspicua.
567 791 631 809 Placet
645 795 708 809 tamen
722 797 780 809 unum
791 797 842 809 com>

172 822 262 841 mendare
276 823 338 841 coetui
353 823 479 847 potissimum,
495 823 546 847 quod
560 823 670 847 ceteroquin
684 827 713 841 est
727 822 798 841 civitati
810 828 842 841 ve>

171 858 221 872 strae
236 853 371 872 domesticum:
386 858 463 878 gratum
478 860 546 878 nempe
557 853 612 872 valde
623 853 688 872 fecerit
697 853 764 874 Nobis,
776 853 791 871 si
802 859 840 871 non

171 885 253 904 alienum
268 891 311 903 esse
325 891 336 903 a
350 891 385 903 sua
399 884 497 910 diligentia
517 885 610 903 curaverit
624 889 645 903 ut
658 889 762 909 perpetuus
776 884 840 903 Sacra-

172 916 229 935 menti
245 916 312 937 cultus,
327 916 359 940 qui
374 920 427 934 tanta
441 922 483 934 curn
498 916 554 934 laude
568 920 587 934 et
601 916 652 940 apud
662 916 735 940 piarum
746 916 842 934 Catanen-

172 948 219 966 sium
234 948 346 966 seminarum
361 947 480 966 sodalitatem
495 951 515 965 et
524 947 568 965 alibi
577 953 653 971 quoque
664 947 723 968 floret,
734 946 842 971 proseratur

171 979 256 1004 quotidie
270 979 327 997 latius
345 983 369 1000 et.
390 979 420 997 ubi
440 979 531 1003 expedire
550 985 584 1003 per
602 979 692 997 adiuncta
710 978 801 999 videatur,
817 973 841 996 ¹in

171 1010 263 1029 universis
273 1010 377 1034 puellarum
387 1009 473 1034 collegiis
483 1014 590 1034 opportune
600 1009 696 1029 inferatur.
711 1009 787 1028 Interim
797 1015 841 1027 eon—

171 1041 217 1060 siliis
231 1041 364 1066 laboribusque
378 1041 447 1059 vestris
461 1041 539 1059 uberem
553 1047 564 1059 e
578 1041 633 1059 coelo
642 1041 724 1066 gratiam
734 1046 840 1065 precamur,

171 1073 218 1091 Eius
232 1073 314 1091 maxime
329 1072 454 1097 omnipotenti
473 1072 586 1097 benignitati
604 1072 652 1093 freti,
671 1072 702 1096 qui
721 1071 783 1096 diligit
801 1071 841 1089 dili-

171 1108 240 1128 gentes
255 1104 322 1128 ipsum,
337 1104 397 1128 iisque
412 1103 462 1122 favet
476 1103 556 1122 assidue.
577 1103 656 1122 Testem
674 1109 720 1121 vero
738 1102 842 1121 voluntatis

172 1135 254 1153 Nostrae
268 1135 307 1156 tibi,
323 1134 391 1153 dilecte
406 1134 441 1153 Fili
456 1135 532 1156 Noster,
547 1139 604 1159 atque
618 1135 711 1155 omnibus,
726 1134 758 1158 qui
768 1134 787 1152 in
797 1139 842 1152 con-
