921 1304
208 59 234 73 ar
244 59 259 73 s.
273 58 289 73 c.
300 58 428 78 [mulgemur-am
439 61 453 73 ει
464 59 490 73 ss.
502 59 603 78 &uquarum
714 60 740 74 ,σε

71 125 203 147 ῐῃάιιιςεῃὶίιιε
215 130 238 143 ιε
247 126 350 147 privilegis
362 126 492 143 extenduntur
508 126 578 143 cetea-le
593 126 680 143 ecclesii:
695 126 741 143 Hol-

113 153 193 170 indiae
205 157 240 174 per
251 153 333 170 Fratres
348 152 433 170 Minores
445 153 595 170 administratis.

153 197 264 216 Beatisn'nu
278 195 346 219 Paterj

111 238 142 256 Fr.
158 237 226 256 Vitalis
241 237 326 258 Keenen,
343 238 428 256 minister
447 238 556 262 provinciae
577 238 699 263 germanicae
716 238 742 256 in-

70 268 144 287 serioris
153 269 199 287 Ord.
211 269 249 287 FF.
258 268 354 288 Minorum
369 269 387 287 in
402 268 511 291 Holiandia,
522 269 546 288 ad
561 269 621 294 pedes
631 269 741 288 Sanctitatis

71 300 125 318 Tuae
139 299 250 324 provolutus
264 299 359 319 humiliter
373 300 465 325 exponit:

114 333 132 349 1⁹
146 331 177 350 Ab
194 332 229 350 hac
243 331 262 350 S.
278 331 299 350 C.
315 331 480 356 indulgentiarum
499 332 556 350 fuisse
574 331 691 350 declaratum
710 331 741 350 die

71 368 83 385 4
97 362 153 381 Febr.
167 364 216 386 1746
229 362 295 387 (Decr.
306 363 364 384 auth..
378 369 395 381 n.
410 363 465 387 157):
484 370 494 381 ‹
504 363 577 381 Omnes
586 367 606 381 et
617 362 703 388 singulas
712 369 742 381 ca.-

70 393 130 418 pellas
147 394 233 418 publicas
250 394 378 419 praefatorum
397 394 434 413 FF.
452 394 604 413 Recollectorum
624 394 642 413 in
661 395 741 419 regione

69 425 252 451 germano-belgica
266 426 370 444 existentes
380 426 472 451 gaudere,
483 426 544 445 donec
558 426 680 444 residentiam
695 426 741 445 inibi

70 457 164 478 duxerint,
179 457 267 476 omnibus
281 461 301 476 et
314 457 395 482 singulis
409 457 532 482 indulgentiis
548 462 567 476 et
581 457 696 482 privilegiis,
712 464 741 476 ce-

70 488 114 507 teris
123 488 210 507 ecelesiis
218 489 303 507 eiusdem
314 488 393 507 Ordinis
402 488 517 513 generaliter
526 489 627 510 concessis,
636 488 740 507 dummodo

70 520 93 538 ad
103 519 145 538 illas
158 520 290 539 christifideles
304 520 329 538 ad
339 526 413 539 sacrum
424 520 545 541 audiendum,
556 524 576 539 et
585 520 609 538 ad
620 520 742 545 percipienda

72 550 169 570 Ecclesiae
183 551 307 570 Sacramenta
321 551 418 570 confluant
429 559 445 571 ι,

110 584 130 600 2'
144 582 176 600 Ab
190 582 226 601 hac
245 582 262 601 S.
281 582 303 601 C.
325 582 489 607 Indulgentiarum
508 583 608 601 obtentum
626 583 683 601 fuisse
704 583 740 601 sub

69 613 100 631 die
118 619 140 636 19
160 613 223 632 Martii
246 615 294 637 ¹7⁶³
314 614 436 638 rescriptum.
455 618 512 638 prout
530 614 627 638 sequitur:
649 622 657 631 ‹
669 614 740 632 SSffius

70 644 164 663 Dominus
183 645 254 663 Noster
272 644 362 664 Clemens
379 645 413 664 PR
432 645 488 667 XIII,
503 651 527 663 ex
538 645 623 670 speciali
641 646 704 670 gratia
719 649 742 664 et

69 676 147 695 attentis
164 676 290 701 peculiaribus
309 677 460 698 circumstantiis.
483 677 620 701 indulgentiam
635 677 741 701 plenariam

69 707 87 725 in
99 712 212 732 perpetuum
222 714 333 726 concessam
347 708 436 726 omnibus
450 707 536 726 ecclesiis
551 708 630 727 Ordinis
644 708 739 726 Minorum

70 738 87 757 S.
98 739 194 757 Francisci
212 739 243 757 die
262 739 347 757 secunda
361 739 450 763 Augusti,
461 739 594 758 Portiunculae
607 743 741 763 nuncupatam,

69 769 154 788 extendit
169 770 187 788 in
202 770 290 788 omnibus
304 774 324 788 et
337 770 418 795 singulis
432 770 518 789 ecclesiis
534 770 572 790 FF.
587 770 739 789 Recnllectorum

70 801 148 825 praefati
163 801 241 820 Ordinis
256 801 274 819 S.
290 801 386 820 Francisci
401 801 425 820 ad
439 806 498 820 totam
513 801 613 822 Octavam.
633 801 659 819 ita
675 805 739 820 tamen

70 836 89 850 ut
102 832 162 851 semel
176 833 239 857 spatio
253 833 323 851 occidui
339 833 363 851 ab
378 839 493 857 unoquoque
508 832 623 851 christifideli
633 832 700 851 lucrari
710 838 743 850 va-

70 863 111 883 leat.
127 863 230 888 Voluitque
245 863 340 882 Sanctitas
355 864 393 883 Sua
407 864 456 883 hanc
470 864 552 889 gratiam
563 864 662 889 suffragari
674 863 742 882 suturis

70 895 166 919 perpetuis
179 896 297 919 temporibus
311 896 383 920 absque
398 895 435 914 ulla
450 896 515 914 Brevis
530 895 652 920 expeditione
662 902 680 914 ›.

108 926 179 951 Agitur
194 927 211 945 in
226 927 262 946 hoc
277 931 358 951 utroque
374 927 472 951 rescripto,
490 933 528 946 non
549 927 573 945 de
594 926 680 945 eeclesiis
698 932 742 951 pro⁴

70 957 108 982 prie
122 957 179 976 dictis
193 958 356 978 conventualibus.
372 959 405 976 sed
421 958 446 976 de
462 958 553 980 ecclesiis,
569 964 618 983 quae
632 964 643 976 a
653 958 743 976 Patribus

71 989 165 1013 praefatae
179 989 290 1008 Provinciae
311 990 470 1008 administrantur
491 990 527 1008 sub
548 989 677 1008 iurisdictione
699 989 743 1014 Epi-

70 1026 169 1045 scoporum
183 1021 207 1039 ad
223 1027 309 1040 normam
326 1020 360 1039 SS.
373 1021 479 1039 Canonum.

108 1052 172 1076 Quum
189 1056 253 1071 autem
272 1057 316 1076 post
332 1052 439 1077 praefatum
461 1056 562 1076 utrumque
581 1052 693 1076 rescriptum
710 1052 743 1070 ob-

70 1087 146 1104 tentum.
162 1083 211 1102 aliae
225 1083 317 1102 ecclesiae
337 1083 433 1108 praefatae
453 1084 564 1102 Provinciae
579 1084 665 1102 Patribus
683 1083 742 1101 admi-

71 1114 176 1132 nistrandae
191 1114 259 1133 fuerint
273 1114 358 1136 traditae,
375 1114 423 1133 aliae
437 1115 506 1133 suerint
520 1114 652 1133 reaedificatae
666 1115 685 1132 in
697 1114 741 1132 loco

71 1144 143 1164 diverso
157 1151 168 1164 a
183 1145 226 1164 loco
240 1145 312 1170 primae
326 1146 433 1167 erectionis,
448 1146 492 1164 hine
509 1146 610 1167 dubitatur,
627 1151 671 1164 num
687 1151 743 1170 prae-
