921 1304
199 51 226 69 ¹⁴⁸
407 50 431 64 Er
441 50 456 64 S.
467 50 585 69 Gangregvatimre
594 50 656 64 aoncilii

197 105 268 124 lantem
282 105 402 129 pertinuisse.
420 105 480 123 Cuius
495 105 553 123 moris
566 104 615 123 ratio
629 105 647 123 in
662 110 685 122 eu
700 104 733 123 suit
751 103 802 128 quod
821 108 866 122 tunc

197 136 289 160 temporis
304 135 424 160 Capitulares
438 136 554 154 adiuvabant
570 136 673 160 parochum
687 135 707 154 S.
722 135 772 154 Persi
790 135 830 153 sive
847 135 866 153 in

197 167 309 186 exercendis
324 167 457 186 ecclesiasticis
471 167 579 185 ministeriis
596 167 635 185 sive
653 167 710 185 etiam
729 166 748 184 in
766 165 867 190 explendis

197 198 294 217 funeribus
307 198 326 216 in
341 198 443 223 parochiali
458 197 544 217 ecclesia.
560 198 671 216 Perhibetur
680 198 726 216 item
736 198 813 216 missam
823 203 867 215 exe-

197 230 279 254 quialem
294 230 312 248 in
327 229 434 254 Collegiata
448 229 562 248 celebratam
577 235 653 253 semper
666 229 723 247 fuisse
739 236 750 248 a
764 228 868 250 canonicis,

198 261 262 280 relicta
276 261 359 285 parocho
374 261 392 279 S⁴
408 261 458 279 Petri
473 260 592 279 absolutione
606 260 630 279 ad
644 260 743 279 tumulum.

238 293 265 311 A:
272 299 330 317 quum
339 298 391 310 anno
401 293 447 310 1861
461 291 569 316 Capitulum
579 291 679 316 collegiale
688 292 712 310 ab
722 292 791 316 iniquis
801 291 867 310 Italiae

197 324 272 349 legibus
286 323 365 342 civiliter
379 329 500 347 suppressum
516 323 575 342 fuerit.
592 323 708 348 pedetentim
720 329 730 341 e
740 323 787 341 vivis
796 323 868 346 ereptis

198 355 300 381 canonicis,
316 355 334 373 in
349 361 415 373 eorum
429 354 491 373 locum
506 355 577 373 suffecti
588 359 631 373 sunt
642 354 680 372 duo
690 354 801 379 cappellani.
817 354 868 372 Hinc

198 387 222 406 de
236 387 286 405 sacto
300 393 330 405 an.
349 387 403 409 ¹895,
415 386 503 404 extinctis
513 386 600 404 omnibus
610 386 761 410 Capitularibus.
773 386 869 410 parochus

198 422 242 437 tunc
257 417 353 442 temporis,
368 417 464 436 Antonius
478 417 543 439 Renzi,
558 417 593 436 sibi
608 417 710 436 attribuere
724 417 787 441 coepit
803 417 869 436 omnia

198 449 332 470 emolumenta,
347 455 396 473 quae
410 448 511 467 occasione
526 448 611 467 funerum
630 449 648 466 in
667 448 768 472 parochiali
787 448 868 467 ecclesia

198 485 317 506 peractorum
333 480 466 501 obveniebant.
481 484 538 504 atque
552 484 638 504 quartam
648 480 760 498 funerariam
771 485 806 504 pro
814 479 869 498 fune-

198 512 250 531 ribus
264 512 282 530 in
297 512 377 530 ecclesia
392 511 410 529 S.
426 511 498 529 Mariae
513 511 620 535 persolutis.
635 511 711 529 Interim
729 511 798 530 accidit
815 511 868 535 quod

198 549 249 562 anno
267 548 321 566 1905,
337 543 438 561 occasione
452 542 523 561 funeris
537 542 634 561 cuiusdam
651 542 746 561 Francisci
765 542 867 567 Filipponi.

199 574 297 593 confratris
311 574 416 592 sodalitatis
430 574 449 592 S.
460 574 533 592 Mariae
547 580 558 592 a
574 573 708 594 misericordia,
721 573 799 592 actualis
813 580 868 598 paro-

198 606 245 625 chus
259 605 277 624 S.
294 605 343 623 Petri
358 605 421 623 omnia
435 605 564 623 emolumenta
579 605 671 623 suneraria
690 605 755 623 fecerit
774 611 819 626 sua,
834 611 869 623 ne-

198 637 266 662 glectis
280 636 396 661 cappellanis
410 636 429 655 S.
445 636 523 657 Mariae,
539 636 577 655 imo
591 640 610 655 et
624 636 653 655 ius
662 636 727 655 litandi
739 636 814 655 missam
824 642 869 655 exe-

198 668 279 692 quialem
295 667 313 685 in
324 667 431 691 Collegiata
441 667 520 686 ecclesia
532 667 568 685 sibi
578 671 650 685 tantum
661 672 747 691 spectare
760 668 867 686 asseruerit.

239 699 345 723 Eapropter
363 698 394 717 die
414 700 425 716 6
443 698 496 723 Sept.
510 698 554 717 dicti
571 699 616 717 anni
634 699 777 717 confraternitas
796 698 815 717 S,
829 699 869 717 Ma-

198 731 243 751 riae,
258 730 349 749 adversus
364 729 441 748 modurn
456 730 526 754 agendi
541 730 618 754 parochi
633 729 651 749 S.
663 730 718 750 Petri,
729 730 832 754 supplicem
847 729 869 748 li—

198 762 268 781 bellum
287 762 383 786 Episcopo
401 761 540 786 Senogalliensi
560 761 632 782 obtulit,
648 761 679 785 qui
694 761 725 779 die
742 767 761 779 2!
782 761 868 780 eiusdem

200 794 269 812 mensis
283 786 372 813 decrevit,
387 792 411 811 ad
422 793 526 817 parochum
536 793 554 811 S⁴
566 793 615 811 Petri
626 797 712 816 spectare
722 792 751 811 ius
760 792 868 811 associandi

199 825 292 843 cadavera
306 824 330 842 ad
344 824 445 842 ecclesiam
459 823 478 842 S.
494 824 567 842 Mariae
582 824 645 848 ibique
660 823 724 842 funera
741 823 867 848 persolvendi,

199 860 255 880 atque
270 855 334 874 omnia
348 855 476 874 emolumenta
491 855 613 880 percipiendi,
629 855 680 873 salva
693 859 759 879 quarta
769 855 868 875 funeraria.

239 887 271 905 Ab
286 887 321 905 hoc
336 891 399 905 tamen
414 886 492 905 decreto
507 887 584 905 minime
594 887 629 905 sibi
639 887 714 905 favente
724 887 869 905 confraternitas

199 917 302 942 appellavit
311 918 335 936 ad
345 918 393 936 hanc
403 918 421 936 S.
433 918 461 939 C„
472 924 521 942 quae
531 918 642 936 existimans
654 918 754 936 ecclesiam
765 918 784 936 S.
795 918 869 937 Mariae

198 949 283 974 gaudere
294 949 333 967 iure
344 949 447 973 sepeliendi
457 949 576 974 privilegiato
586 949 609 967 ad
621 950 680 967 instas
693 949 821 974 Regulariurn,
833 950 869 968 sub

199 980 230 998 die
247 986 269 998 22
286 980 332 998 Iunii
344 981 399 1004 ‘1906
414 980 516 1004 rescripsit,
532 980 560 998 ius
575 980 679 1002 funerandi,
694 981 745 1005 quod
756 987 831 1005 semper
840 987 870 999 se-

200 1012 264 1036 quitur
279 1012 307 1030 ius
321 1011 432 1032 tumulandi.
447 1011 510 1030 dictae
524 1011 616 1030 ecclesiae
630 1012 686 1036 plene
700 1016 793 1036 spectare,
807 1012 871 1036 proin>

201 1043 264 1067 deque
278 1043 381 1061 clausulam
396 1043 455 1061 salvis
470 1043 545 1061 iuribus
557 1043 698 1067 paroehialibus
717 1043 761 1061 nihil
776 1043 826 1061 aliud
844 1044 870 1062 si-

199 1073 291 1099 gnificare
307 1073 342 1092 nisi
357 1073 391 1095 ius,
406 1073 498 1098 ex'parte
514 1074 590 1098 parochi
606 1074 625 1093 S.
640 1074 695 1095 Petri,
711 1074 786 1092 levandi
803 1078 822 1092 et
838 1081 870 1093 co-

200 1105 279 1123 mitandi
294 1105 387 1123 cadavera
401 1105 425 1123 de
440 1105 498 1124 domo
513 1111 573 1129 usque
591 1105 616 1124 ad
633 1105 735 1124 ecclesiam
753 1106 773 1124 S.
788 1106 868 1127 Mariae.

199 1140 256 1160 atque
270 1136 361 1161 exigendi
375 1140 463 1160 quartam
478 1136 596 1155 sunerariam.
612 1136 711 1155 Mandavit
725 1137 805 1161 proinde
824 1137 869 1161 Epi-
