921 1304
176 53 196 67 66
479 53 544 72 Epismza

175 110 244 125 testem
259 106 359 130 peculiaris
373 107 518 126 benevolentiae
535 107 623 128 Nostrae.
643 107 775 132 Apostuiicam
790 108 849 126 bene—

175 137 279 156 dictionem
293 142 414 162 peramanter
428 138 553 163 impertimur»⁴

217 169 288 187 Datum
303 169 376 188 Romae
390 169 441 193 apud
456 169 475 188 S.
491 169 573 191 Petrum.
588 170 620 188 die
635 176 679 189 xxiv
692 170 805 189 Decembris
813 176 850 188 an—

177 206 202 219 no
216 206 291 221 ucuvn,
307 200 430 219 pontificatus
444 201 509 219 Nostri
524 201 595 225 quinto.

440 247 495 266 PIUS
510 247 544 266 ΡΡ,
560 247 579 266 Χ

436 348 585 374 EP1s‘roLA

176 398 206 416 Pu
217 398 253 415 1²1².
266 399 285 415 X
297 399 321 415 de
333 399 397 420 eapite
411 399 432 416 S.
445 399 528 420 Agnetis
539 399 562 416 V.
571 400 590 416 et
598 399 622 416 M.
634 400 654 416 in
666 400 749 416 ecelesia
758 399 849 416 eiusdem

220 426 305 442 nominis
317 426 343 442 ad
354 426 425 443 Forum
436 426 521 447 agonale
533 426 663 443 asservando.

391 477 473 489 DILECTO
490 477 540 490 1²¹1L10
555 477 630 490 NOSTRo

350 509 436 521 MARIANO
451 508 522 521 TITULO
538 508 552 521 S·
568 508 668 521 CAECILtAE

267 539 281 552 S-
292 540 309 551 R-
320 539 337 552 E·
353 540 415 552 Plu-:sm
429 539 486 552 CARD.
502 539 602 552 RAMPOLLA
617 539 653 552 DEL
667 539 753 552 TINDARO

440 581 496 600 PIUS
510 582 543 599 PP.
560 581 579 599 X

190 618 262 636 Dilecte
276 617 320 635 Fili
332 617 407 638 Noster,
421 617 500 635 salutum
514 620 531 635 et
544 617 672 641 Aposlnlicam
684 617 829 636 benedictionem.

218 671 299 695 Hagnae
313 670 392 695 virginis
407 670 486 691 Aedem,
502 677 551 694 quae
565 671 583 689 in
599 671 649 689 Foro
663 671 740 696 agonali
752 675 787 692 est.
799 671 847 689 nihii

177 702 275 726 possidere
289 701 414 726 cognovimus
428 701 452 719 de
467 701 540 720 exuviis
554 701 645 726 Martyris
659 702 799 721 sanctissimae:
818 702 848 720 id-

176 740 213 758 que
228 739 252 752 eo
266 733 334 751 mirum
349 733 410 757 magis
425 733 484 751 videri
499 733 561 754 debet,
577 733 629 758 quod
645 733 761 752 nobilissima
778 733 848 752 Aedes

177 771 201 783 eo
215 765 257 789 ipso
272 764 314 783 loco
328 768 358 782 est
371 764 471 783 aedificata
485 771 523 789 quo
538 764 601 783 Puella
615 765 690 789 insigne
705 765 795 789 omnique
814 771 845 784 ae-

177 800 216 814 tate
230 795 346 814 celebratum
361 796 470 819 martyrium
485 796 534 814 fecit.
550 796 604 814 Hane
619 796 643 814 oh
654 802 693 814 rem
703 795 774 820 placuit
784 796 848 815 Nobis

178 827 240 851 ipsum
255 826 337 851 Hagnae
346 830 409 851 eaput,
420 826 472 851 quod
482 827 562 845 antehac
572 827 596 845 ad
607 827 721 845 Lateranum
732 827 750 845 in
760 831 847 852 augusto

178 858 294 877 Sanctissimi
310 858 416 876 Servatoris
432 858 501 876 sacello
520 858 664 879 asservabatur,
685 858 806 883 postmodum
825 858 844 876 in

178 889 275 914 praedicto
294 888 374 913 templo.
388 889 430 908 Deo
445 890 463 908 in
478 889 570 907 honorem
587 894 664 907 sanctae
679 889 760 914 Hagnae
774 889 844 911 dicato,

177 921 313 940 asservandum
328 920 439 940 concedere.
455 920 475 938 Id
491 920 522 939 ubi
537 920 566 939 Tu
577 920 671 942 audivisti.
682 920 713 945 qui
725 921 787 939 eidem
797 924 845 939 tem-

178 952 209 977 plo
224 958 300 977 praees,
321 952 447 970 munificentia
461 958 499 976 qua
514 951 582 976 polles,
602 951 686 971 obtulisti
701 952 761 971 Nobis
776 952 845 971 ditissi-

177 990 227 1002 mam
242 990 303 1008 aeque
317 988 374 1008 atque
388 984 451 1007 operis
466 983 556 1008 praeclari
571 983 655 1004 thecam,
675 983 694 1001 in
712 990 750 1008 qua
769 990 843 1002 sacrum

177 1015 240 1039 Caput
254 1014 398 1033 includeremus.
415 1014 445 1032 De
460 1018 572 1039 sumptuoso
587 1020 664 1033 munere
683 1019 702 1033 et
719 1014 791 1039 gratias
809 1015 843 1033 tibi

176 1046 251 1071 agimus
266 1050 285 1064 et
298 1046 365 1064 laudes
379 1045 506 1070 amplissimas
520 1046 643 1070 impertimus.
658 1057 684 1059 —
699 1046 776 1065 Habeto
786 1046 847 1071 igitur

177 1078 258 1102 Hagnae
272 1077 402 1096 sanctissimae
416 1076 545 1095 venerandum
561 1077 629 1101 Caput,
644 1077 695 1101 quod
710 1077 728 1095 in
738 1078 794 1096 theca
803 1081 846 1096 ate

176 1108 241 1127 oblata
255 1109 295 1127 Nos
309 1108 344 1132 ipsi
359 1107 499 1126 collocavimus.
515 1107 561 1126 Illud
571 1112 635 1127 tamen
645 1108 672 1127 sic
683 1113 788 1127 memorato
797 1113 846 1127 tem·

176 1138 209 1163 plo
223 1139 336 1158 servandum
355 1139 455 1164 palamque
476 1139 621 1163 proponendum
642 1139 762 1158 adhibuimus
771 1154 775 1161 ,
790 1144 810 1158 ut
824 1144 848 1158 et
