921 1304
184 44 210 58 ,οε
393 44 417 58 Ex
427 44 442 59 s.
452 44 572 64 malagmam
580 44 643 59 aoncilii

182 97 210 116 les
224 98 319 123 mariages
332 99 439 117 conti-actes
453 99 525 118 devant
539 105 562 117 un
578 99 663 118 ministre
680 105 718 117 non
736 92 851 125 catholique,

182 133 236 148 entre
250 129 368 154 catholiques
378 134 398 148 et
407 136 445 149 non
455 130 574 155 eatholiques
584 131 668 155 baptises
677 136 702 148 ou
712 131 778 149 censes
790 130 850 152 Ferre,

182 167 239 185 pasce
252 160 308 185 qu’ils
322 161 469 185 appartenaient
487 161 498 179 ὲ
516 161 568 180 l'une
584 168 608 180 ou
626 161 694 180 l’autre
708 165 760 180 secte
773 162 798 180 οὺ
812 161 851 180 l'on

183 191 258 216 baptist}
266 199 284 210 ν.
729 193 731 195 “
748 194 750 196 “

223 223 286 241 Etiam
301 223 461 248 Archiepiscopus
476 223 610 242 Columbensis
624 224 642 242 in
657 223 717 242 insula
731 218 817 248 ceylana
827 224 851 243 ab

183 254 296 279 Apostolica
310 254 360 273 Sede
371 254 455 279 postulat
464 254 555 274 declarari
565 261 589 273 an
599 255 715 274 Constitutio
728 255 852 274 Be'n'edietina

183 285 302 304 immutatum
317 286 398 304 retineat
411 286 498 311 vigorem
512 286 576 311 quoad
590 287 711 305 matrimonia
730 287 794 308 mixta.
812 287 852 305 sive

183 323 227 341 pars
241 317 346 336 acatholica
360 317 379 336 in
394 317 487 337 catholica
499 317 579 337 ecclesia
588 318 683 342 baptizata
694 324 731 337 non
741 312 801 339 fuerit,
812 318 852 337 sive

184 349 208 367 ab
224 348 292 367 eadem
307 352 355 373 post
376 349 491 373 baptismum
512 349 608 368 defecerit.
630 349 728 373 Siquidem
749 349 854 374 praemittit

188 386 197 398 <
206 380 257 404 quod
271 380 321 399 cirea
335 380 512 405 interpretationem
526 380 597 399 decreti
612 381 644 399 Ns
657 383 723 399 temere
736 380 760 399 de
774 386 853 405 sponsa-

184 411 233 430 libus
247 415 267 430 et
281 411 401 430 matrimonio
415 411 541 430 communiter
555 411 660 430 admittitur
673 412 730 430 etiam
745 418 756 430 a
767 411 854 436 probatis

184 443 287 461 eanonistis
297 442 399 461 clausulam
414 449 493 461 numero
503 442 536 464 XI,
547 443 559 467 ἓ
570 445 589 461 2⁰
598 443 705 468 appositam
716 443 766 468 (nisi
771 445 809 467 pro
818 442 853 461 ali-

183 480 219 498 quo
228 474 349 498 particulari
362 474 397 492 loca
410 476 445 492 aut
458 474 532 498 regione
542 474 600 492 aliter
608 481 620 492 a
630 474 651 493 S.
662 474 709 492 Sede
717 474 743 492 sit
752 474 855 498 statutum)

184 504 268 523 alludere
282 505 307 523 ad
321 504 461 529 legislationem
475 504 608 524 declarationis
622 505 759 524 Benedictinae
773 505 810 524 iam
822 511 855 523 ex-

185 536 279 557 istentem.
295 542 333 555 non
347 542 393 555 vero
407 536 431 555 ad
446 536 518 555 futuras
531 536 694 561 dispensationes,
712 543 791 561 quarum
810 542 853 555 con·

185 568 291 586 cessionem
306 567 341 586 sibi
355 571 461 586 reservaret
475 567 493 586 S.
509 568 574 586 Sedes.
590 568 677 588 Proinde.
693 568 709 586 si
723 574 768 586 vera
778 568 802 586 sit
811 567 854 586 talis

186 599 281 618 clausulae
296 599 404 624 praedictae
418 599 561 623 interpretatio,
581 599 598 617 in
617 600 653 618 hac
667 599 803 618 archidioecesi
818 599 855 618 Co-

185 631 284 651 lumbensi.
300 631 331 649 ubi
346 631 370 649 ab
384 637 435 650 anno
452 632 501 654 1764
520 630 635 655 publicatum
653 635 683 650 est
700 631 797 649 decretum
819 631 855 649 Ta-

187 662 248 683 metsi,
268 662 299 680 ubi
314 668 390 686 quoque
407 662 461 686 viget
477 662 501 680 ab
520 668 571 680 anno
588 663 637 685 1852
653 661 760 681 declaratio
774 662 855 681 Benedi-

186 693 211 711 cti
226 692 277 714 XlV,
292 692 409 711 clandestina
424 693 544 712 matrimonia
559 693 615 711 mixta
636 697 656 711 ut
674 693 736 711 valide
754 697 810 711 erunt
824 693 856 711 ha-

187 724 249 742 benda
263 724 320 742 etiam
335 728 378 748 post
392 724 532 743 solemnitatem
547 724 631 743 Paschae
645 724 725 749 proximi
740 724 784 743 anni
799 725 854 747 1908.

187 756 278 774 Attamen
293 755 357 780 plures
371 755 433 774 adhuc
447 756 527 774 haerent
540 755 592 774 dubii
611 760 674 774 utrum
693 762 758 774 revera
775 755 818 774 talis
832 756 856 774 sit

187 787 205 806 S.
221 787 276 805 Sedis
290 787 400 806 authentica
410 793 469 806 mens.
480 788 571 806 Asserere
581 787 619 806 imo
629 787 700 805 audent
710 786 786 811 quidam
800 787 855 811 pauci

187 812 309 837 clandestina
319 819 438 837 matrimonia
452 819 512 843 partis
526 818 630 837 catholicae
644 825 687 837 cum
697 817 802 837 acatholica
811 824 858 843 qua-

187 849 237 870 libet,
253 849 310 868 etiam
325 853 419 874 apostata.
435 850 484 868 sicut
499 850 549 874 prius
563 850 599 868 sub
613 850 707 875 regimine
723 849 858 868 declarationis

188 880 328 902 Benedictinae,
343 881 369 899 ita
383 885 403 899 et
416 881 435 899 in
450 881 512 900 futuro
527 881 562 899 sub
576 887 626 900 novo
640 881 718 900 decreto
732 880 794 899 valide
813 880 857 899 iniri

188 914 250 936 posse,
266 911 310 930 licet
323 912 422 936 expressio
436 919 478 931 cum
491 912 601 930 acatholicis
614 913 623 937 ξ
635 918 644 930 2
660 918 737 931 sensum
750 912 857 936 legitimum

188 943 274 962 obtinere
288 943 376 962 videatur
390 944 503 962 strietiorem
518 949 529 962 a
543 944 552 968 §
570 950 576 961 1
592 944 679 962 eiusdem
694 950 711 962 n.
727 943 754 961 XI
764 950 783 962 ι.

229 974 316 993 Tandem
331 974 390 993 Effius
404 975 567 999 Archiepiscopus
581 974 680 994 Colonien.
694 975 755 993 SSrho
765 974 810 993 Dfio
820 974 860 993 No-

188 1009 228 1025 stro
242 1006 291 1024 inter
304 1005 341 1024 alia
356 1007 435 1030 exponit
444 1006 496 1031 quod
513 1013 523 1024 ε
532 1006 551 1024 in
561 1006 641 1030 imperio
651 1006 772 1027 Germaniae,
783 1006 860 1024 Consti-

188 1037 261 1055 tutione
276 1037 360 1055 Provida
374 1037 491 1062 sapientiquae
504 1043 550 1055 cura
564 1037 601 1056 diei
619 1038 641 1056 18
657 1037 737 1055 lanuarii
751 1038 806 1059 1906,
821 1043 860 1055 ma-

189 1068 277 1086 trimonia
292 1068 350 1087 mixta
364 1075 413 1092 quae
428 1075 439 1087 a
453 1068 551 1087 catholicis
565 1074 607 1087 cum
619 1068 720 1086 haereticis
729 1068 759 1086 vel
769 1068 861 1086 schisma-

189 1100 231 1118 ticis
246 1106 283 1118 non
298 1104 373 1118 servata
388 1100 448 1118 forma
462 1100 592 1118 ecclesiastiea
606 1099 749 1120 contrahuntur,
767 1105 801 1124 pro
815 1099 862 1118 vali-

190 1130 219 1149 dis
233 1130 322 1149 habenda
336 1134 385 1149 sunt
402 1131 449 1149 Cum
465 1135 528 1149 autem
544 1131 562 1149 in
577 1131 645 1149 eodem
659 1134 694 1149 art.
709 1130 747 1151 Xl.
762 1130 772 1155 §
786 1134 862 1148 antece—
