921 1304
209 55 234 70 Er
244 56 260 70 s.
268 55 285 70 c.
296 56 424 75 Indulgentiarum
434 58 449 69 ει
459 55 486 70 ss
497 55 599 74 &uquarum
713 59 738 73 ,γι

72 109 125 128 iuxta
138 109 231 134 spiritum.
246 109 301 134 leges
315 113 334 128 et
348 109 496 128 consuetudines
510 108 528 127 ei
540 108 622 133 propria,
633 109 668 127 sub
677 113 743 128 aucto-

72 140 126 159 ritate
140 144 205 159 tamen
220 141 276 159 unius
289 140 389 159 directoris
403 140 504 165 generalis.

111 172 159 190 Ari.
173 170 191 190 6.
207 171 347 190 Associationis
365 175 457 196 patronus
475 171 564 190 coelestis
581 175 611 190 est
625 171 643 190 S.
659 170 742 190 Michael

72 203 213 228 Archangelus.
228 203 275 222 Eius
289 203 336 222 festa
351 203 440 228 primaria
452 207 506 221 sunt:
522 202 590 221 Cordis
600 202 643 221 lesu
652 202 742 221 Sacratis-

72 234 115 252 simi
129 238 148 252 et
162 234 181 252 S.
197 234 297 253 Michaelis
311 234 375 255 Arch.¹
391 233 503 252 secundaria
513 240 565 255 vero,
577 239 601 252 ea
610 239 659 258 quae
669 233 743 252 Passio-

73 271 116 283 nem
131 265 215 285 Domini.
230 265 374 284 Sanctissimam
384 265 530 286 Eucharistiam.
541 264 683 283 Immaculatam
692 264 743 283 Con—

72 297 180 321 ceptionem
194 301 214 315 et
228 296 382 321 compassionem
397 295 417 314 B.
433 296 506 315 Mariae
520 295 574 320 virg.
593 299 686 320 spectant.
707 301 742 314 nec

73 333 111 346 non
125 327 194 346 festum
208 328 272 346 Sancti
287 327 383 346 Vincentii
397 333 409 346 a
423 327 486 346 Paulo.

111 359 159 377 Art.
175 364 193 383 7.
213 358 332 377 Devotiones
350 359 394 377 huic
412 358 508 377 sodalitati
528 358 622 383 speciales
639 364 674 377 eae
692 362 741 379 sunt.

72 396 122 414 quae
136 390 233 414 pertinent
246 390 270 408 ad
285 390 355 408 Christi
370 390 487 410 Passionem,
507 389 532 408 ad
548 389 692 408 Sanctissimam
705 388 743 407 Eu-

73 421 189 442 charistiam,
203 421 228 440 ad
242 428 276 440 cor
289 421 331 440 Iesu
350 421 503 440 sacratissimum
521 425 541 440 et
559 421 584 439 ad
602 421 682 439 Mariam
702 421 742 439 sine

73 452 116 471 labe
130 452 219 478 originali
233 457 352 477 conceptam.

113 484 160 502 Art.
176 483 194 502 8.
209 483 312 503 Sodalibus
321 483 415 509 obligatio
425 483 476 502 nulla
486 484 569 502 exterior
579 483 687 508 imponitur.
702 483 744 501 Sin-

74 515 113 539 guli
127 519 192 534 tamen
207 516 292 534 nituntur
306 515 325 533 in
339 515 407 534 eadem
422 514 549 539 reparationis
563 518 626 533 mente
636 514 691 535 uniri,
702 514 744 538 pias

74 546 215 565 Assoeiationis
228 546 349 565 observando
363 546 517 567 eonsuetudines,
533 546 631 570 speciatim
645 545 743 564 recitando

74 576 159 601 quotidie
173 577 268 596 Psalmum
283 578 381 596 Miserere.

113 608 160 627 Art.
175 614 194 634 9.
210 608 284 628 Omnes
302 612 322 627 et
340 608 409 633 singuli
429 608 511 629 sodales,
529 608 617 632 quamvis
630 613 707 632 semper
724 611 744 626 et

75 639 144 664 ubique
158 640 274 664 reparationi
288 640 365 661 addicti.
380 640 431 658 diem
445 643 510 658 tamen
525 645 582 658 unum
597 639 616 658 in
630 645 744 664 unaquaque

75 670 195 689 hebdomada
209 671 289 696 eligunt,
304 677 343 696 quo
357 671 382 689 illi
397 670 506 695 specialiter
519 675 593 689 vacant.
614 670 657 689 Tali
671 670 702 688 die
718 670 745 688 in-

74 702 134 721 tentio
152 702 220 721 saltem
239 702 352 721 secundaria
369 702 440 721 missae
457 708 515 726 quam
534 701 631 721 celebrant
648 706 681 720 aut
697 701 745 720 cele—

75 733 167 752 brandam
182 738 289 758 procurant.
305 738 337 752 aut
351 734 381 752 cui
391 734 488 754 assistunt,
501 739 536 752 nec
547 739 585 752 non
594 737 614 752 et
623 733 745 752 Communio-

76 764 104 782 nis
117 765 260 783 sacramentalis
273 770 331 789 quam
345 769 447 790 peragunt,
462 764 486 783 ad
501 764 641 789 reparationem
650 764 743 788 dirigitur.

115 795 161 819 Quo
174 802 220 814 vero
235 796 311 815 sodales
325 796 349 815 ad
364 796 421 815 finem
433 796 542 814 huiusmodi
552 796 597 820 piae
605 795 745 814 Associationis

76 827 216 851 assequendum
231 827 294 852 magis
307 827 419 848 excitentur.
436 826 511 845 humilis
525 831 590 845 orator
603 826 659 845 enixe
674 826 721 850 petit
733 832 745 844 a

77 857 94 876 S.
105 858 128 877 V.
144 862 165 877 ut
179 858 215 877 illis
225 862 328 883 sequentes
338 858 468 883 indulgentias
479 858 586 876 concedere
595 858 689 882 dignetur.
704 857 746 875 Pla-

77 890 165 908 nara'am:
184 892 202 908 ιο
211 890 242 908 die
251 896 290 914 quo
299 890 430 908 Assoeiationi
440 896 509 908 nomen
519 889 616 910 dederintz
633 891 653 907 2⁰
662 889 718 907 Feria
727 888 744 906 V

71 921 94 939 ·in
108 920 311 944 Coena¹Domini2⁴-3⁰
320 921 339 939 in
349 920 469 939 solemnitate
479 920 572 945 Corporis
581 920 658 941 Christi,
668 919 698 938 vel
708 926 746 938 una

77 951 106 970 die
120 952 169 971 infra
183 957 281 974 octavam;
296 954 317 976 4⁰
331 953 349 970 in
364 952 413 971 sesto
423 952 477 970 SSri'ii
487 952 556 971 Cordis
567 952 618 972 lesu:
636 954 655 975 5⁰
664 951 683 970 in
693 951 746 970 sestis

77 983 194 1002 inventionis
208 988 227 1003 et
241 983 369 1003 Exaltationis
387 983 405 1002 S.
421 983 499 1004 Crucis:
520 984 540 1001 6⁶
557 983 575 1001 in
594 982 674 1007 singulis
692 983 746 1001 sestis

78 1015 144 1039 quibus
159 1015 225 1034 Passio
239 1015 263 1033 D.
279 1015 302 1033 N.
318 1015 331 1033 1.
347 1015 368 1033 C.
384 1015 483 1036 recolitur,
498 1021 510 1033 a
523 1014 570 1033 seria
583 1014 608 1032 111
623 1018 666 1038 post
681 1014 746 1032 Domi-

79 1046 138 1065 nicam
153 1046 313 1071 Septuagesimae
327 1046 352 1065 ad
362 1046 428 1065 feriam
438 1045 463 1064 Vl
474 1049 518 1070 post
527 1046 649 1064 Dominicam
659 1045 685 1064 IV
695 1045 747 1069 Qua-

78 1077 203 1103 dragesimae.
219 1077 320 1099 inelusive;
338 1080 357 1101 7⁰
371 1078 389 1096 in
404 1077 452 1096 sesto
465 1077 600 1095 Immaculatae
610 1076 747 1101 Conceptionis

79 1109 98 1128 B.
113 1109 139 1129 Μ,
156 1109 190 1130 V.;
211 1109 231 1127 8⁹
250 1109 268 1127 in
286 1113 366 1133 utroque
385 1108 434 1127 sesto
451 1108 530 1132 Septem
549 1107 641 1126 Dolorum
660 1107 746 1126 eiusdem

79 1140 98 1158 Β.
113 1140 147 1162 V.;
171 1142 192 1163 9⁰
206 1140 224 1158 in
243 1140 292 1158 festo
310 1139 329 1158 S.
347 1139 446 1158 Michaelis
465 1139 595 1164 Archangeli;
620 1141 651 1157 10⁰
664 1139 683 1157 in
697 1138 747 1157 sesto
