921 1304
187 53 213 70 154
395 52 420 66 Ex
431 53 445 66 S.
454 52 574 72 Congregaliune
586 52 648 66 Commi

182 106 211 124 vit
233 106 315 125 nubilem
330 106 420 125 Elmiram
436 106 507 125 Dallari
528 111 548 125 et
562 106 672 125 Donninum
690 106 782 127 Menozzi,
797 105 854 130 priori

182 143 243 156 uxore
258 138 361 158 viduatum.
372 144 396 156 ex
407 144 444 162 qua
453 142 497 156 tresx
502 137 550 156 filios
560 137 661 156 habuerat:
678 141 697 156 at
706 137 787 155 infauste
797 137 855 155 cessit

183 169 252 187 exitus.
268 169 343 187 Nedum
354 168 494 187 enimdiversa
503 169 606 193 coniugum
620 172 674 187 aetas
683 172 708 187 ¹et
722 168 812 189 conditio,
823 174 853 186 ve-

185 206 227 218 rum
237 200 294 218 etiam
304 200 385 218 adversa
399 200 478 221 indoles,
489 200 601 224 praesertim
613 206 658 218 vero
668 200 757 218 frustrata
771 199 855 218 mulieris

183 237 229 255 spes
238 231 301 255 quoad
317 231 433 249 materialem
442 231 477 249 viri
492 231 616 249 substantiam
627 231 645 249 in
656 237 713 250 eausa
726 231 807 254 fuerunt,
822 237 855 249 cur

183 263 268 287 ipsorum
283 262 340 281 animi
355 263 416 287 mag-is
430 262 530 287 magisque
545 262 697 283 dissociarentur,
709 266 766 286 atque
777 262 854 283 Elmira,

185 300 223 312 non
238 294 357 313 obstantibus
372 294 485 318 quibusdam
501 294 584 312 Donnini
599 294 623 312 ad
638 300 677 312 rem
692 293 778 312 uxoriam
799 300 855 312 cona-

186 325 272 346 minibus,
283 331 359 349 semper
373 326 456 343 renuerit
470 325 532 344 officia
542 325 650 350 coniugalia
664 324 772 349 adimplere.
790 324 854 349 Quum

184 356 243 381 igitur
257 356 335 381 quilibet
349 356 464 375 abnormalis
478 360 543 378 status,
555 356 698 375 matrimonialis
712 356 730 374 in
741 356 812 380 primis,
822 356 854 375 diu

183 388 289 406 consistere
304 394 342 406 non
356 387 428 408 valeat;
443 388 492 409 hincy
508 388 582 406 nonnisi
602 388 710 412 quindecim
724 387 753 406 vel
768 388 792 406 ad
807 393 855 406 sum-

185 425 237 438 mum
251 419 318 443 viginti
332 419 479 437 cohabitationis
488 419 556 438 diebus
570 419 675 440 transactis.
687 418 753 437 mulier
767 419 854 437 maritum

183 457 240 469 suun
254 450 354 475 dereliquit
368 457 411 469 cum
425 451 606 475 animomunquam
621 451 645 469 ad
657 451 721 476 ,ipsum
741 450 854 469 revertendi.

184 482 243 505 Quod
257 486 276 500 et
291 482 309 500 in
324 482 398 506 praxim
418 482 503 503 deduxit.
518 488 577 506 quum
598 488 622 501 ex
637 482 684 500 actis
697 486 772 501 constet
793 482 855 506 ipsam

185 513 237 531 nullo
252 517 308 537 pacto
322 513 439 531 reconciliari
454 519 474 531 se
488 513 537 531 velle
551 513 597 532 viro,

226 544 266 562 Nec
276 544 371 563 dissimilis
385 549 464 569 apparet
476 545 557 563 intentio
571 545 657 563 eiusdem
667 544 757 565 Donnini,
767 544 799 568 qui
810 544 854 565 imo,

186 579 207 594 ut
221 576 256 594 sibi
271 576 385 600 genitaeque
400 575 447 600 proli
462 576 521 594 satius
535 575 626 596 consulat.
642 576 697 594 aliam
712 575 793 594 ducendi
809 581 855 593 uxo-

184 613 225 625 rem
236 612 298 625 mente
313 607 368 631 gerit,
379 607 394 625 si
404 607 570 631 dispensationem.
581 607 693 625 matrimonii
704 607 738 628 sui.
749 607 799 631 quod
810 606 856 625 dicit

184 638 317 656 tantummodo
327 642 394 659 ratum,
405 644 416 656 a
424 638 513 656 Pontifice
524 638 613 657 obtineat.
625 638 731 662 Eapropter
742 638 788 656 haec
796 637 814 655 S.
825 637 854 659 C..

184 675 243 693 quum
258 669 365 693 Episcopus
375 669 477 693 Regiensis
491 669 577 693 petiisset
591 675 667 693 quoque
681 673 702 687 ut
715 675 726 687 a
740 668 854 693 quibusdam

186 700 340 725 proceduralibus
361 701 432 719 normis
443 701 464 721 ,in
480 706 570 725 processu
585 700 703 720 conficiendo
721 700 806 725 benigne,
819 699 856 718 dis-

184 736 301 756 pensaretur.
312 731 374 750 eidem
389 731 495 750 facultatem
510 731 562 750 dedit
576 731 680 750 instruendi
691 737 806 755 processum.
818 737 856 749 ser>

185 763 234 783 vatis
244 762 311 781 saltem
320 763 518 787 quoadsubstantiam
533 763 673 784 Constitutione
684 762 724 781 Det*
731 762 857 781 Miseratioue

183 798 205 812 et
214 794 339 813 Instructione
356 794 402 812 Cum
412 797 484 812 moneat
495 794 565 812 Glossa.
582 794 641 812 Porro
650 800 675 812 ex
684 794 731 812 actis
739 799 856 818 ‚ptocessua-

186 824 235 843 libus
244 825 303 849 liquet
313 830 352 843 tum
362 825 422 843 virum
433 830 472 844 tum
483 825 580 844 mulierem
590 826 625 843 sub
634 825 752 843 iurisiurandi
763 824 856 849 religione

185 856 282 880 professos
292 856 354 877 fuisse.
366 857 505 875 matrimonium
516 857 687 875 inconsummatum
701 856 798 875 mansisse.
815 855 856 874 Mu·

186 887 220 905 lier
232 892 295 906 tamen
306 888 399 912 corporali
414 888 526 912 inspectioni
537 894 557 906 se
568 888 679 907 submittere
694 888 815 912 pertinaciter
825 887 857 906 de-

186 920 277 939 trectavit.
287 919 332 944 quin
343 919 399 937 ullam
409 919 437 937 sui
448 919 517 944 agendi
528 919 578 938 modi
589 919 681 938 rationem
692 919 785 939 redderet.
797 918 856 942 Quod

186 950 210 968 ad
225 954 284 968 testes
305 950 377 971 attinet,
393 951 428 975 ipsi
442 951 549 975 generatim
570 951 698 969 testimonium
713 950 854 975 perhibuerunt,

186 985 224 1000 non
239 982 300 1000 solum
314 982 338 1000 de
351 988 463 1006 sponsorum
478 982 602 1001 credibilitate
616 982 650 1001 sed
664 982 721 1000 etiam
736 982 760 1000 de
771 982 820 1000 sacto
830 982 857 1000 in-

186 1013 357 1032 consummationis
372 1014 485 1032 matrimonii
500 1014 562 1038 deque
576 1013 670 1032 adiunctis
691 1013 857 1032 inconsummatio-

186 1050 230 1062 nem
246 1045 307 1068 ipsam
322 1045 481 1063 confirmantibus.

228 1075 328 1095 Dubium.
343 1076 378 1093 An
392 1076 492 1094 consilum
501 1076 639 1100 pracstandum
653 1076 678 1094 sit
693 1075 755 1094 SSrho
766 1077 803 1099 pro
819 1075 858 1093 dis-

182 1106 291 1130 pensatione
306 1106 426 1125 matrimonii
439 1107 480 1125 rati
492 1109 509 1125 ct
523 1113 559 1133 ηομ
570 1106 697 1127 consummati
710 1106 732 1125 in
745 1112 794 1124 casu.
