921 1304
366 43 432 62 Epistola
717 47 734 61 17

64 97 123 118 dices>
138 103 177 116 non
192 97 233 116 sine
247 98 321 122 ingenti
331 97 457 116 delectatione
467 97 554 122 legimus,
565 97 656 121 facileque
667 96 736 115 suimus

66 128 85 146 in
99 135 122 147 ea
136 128 231 147 sententia
245 129 335 150 roborati,
350 128 509 150 benevolentiam
520 135 582 153 ‚quam
592 128 693 147 Borussiae
703 128 736 146 Pa·

64 163 127 178 stores
141 164 161 178 et
175 159 279 178 catholicae
294 160 342 178 istae
357 160 423 184 plebes
440 166 450 178 a
469 160 529 179 Nobis
547 160 672 184 persentiunt,
691 165 735 177 vere

65 197 109 210 esse
124 191 251 216 promeritam.
267 191 343 210 Etenim
358 197 407 215 quae
421 191 458 215 Ipsi
473 197 484 209 a
498 191 553 210 vobis
567 190 695 215 potuissemus
704 196 736 209 ex-

67 226 137 246 petere.
153 228 241 246 quaeque
255 226 331 247 gratum
345 222 411 241 suisset
428 228 463 247 pro
481 222 624 246 opportunitate
641 227 736 240 commen-

65 253 118 274 dare,
134 259 203 278 nempe
217 258 238 272 ut
251 254 271 272 in
285 253 350 278 primis
364 253 477 278 religionem
496 253 584 272 coleretis
601 253 685 278 quotidie
704 259 734 271 ar-

63 284 148 305 dentius,
164 284 234 303 deinde
248 288 269 302 ut
282 284 353 303 arctius
367 285 385 303 in
400 284 442 303 dies
456 284 541 303 Pontifici
555 284 634 303 Summo
646 284 735 302 adhaere-

64 315 118 336 retis,
133 321 157 334 ea
171 320 215 334 sunt
229 316 248 334 in
258 319 378 334 antecessum
388 315 479 340 praestita
489 321 500 334 a
509 315 569 336 vobis.
582 315 622 334 sive
632 321 665 339 per
675 315 735 340 ipsam

64 346 226 371 significationem
241 347 317 371 pietatis
331 347 349 365 in
362 347 443 371 peractis
453 347 594 365 celebritatibus
603 347 685 368 insitam,
696 346 735 365 sive

65 384 99 402 per
115 378 203 396 iteratum
217 384 264 402 erga
278 378 320 397 Nos
334 378 440 397 eommunis
454 378 587 397 observantiae
599 378 734 396 testimonium.

66 409 148 427 Multum
164 409 248 433 profecto
258 409 380 428 Bonisaciana
390 409 482 428 solemnia
492 410 575 428 habuere
587 409 681 428 utilitatis:
697 409 736 433 plu-

64 440 135 458 rimum
149 446 195 459 vero
209 440 322 464 pollicentur
336 440 392 459 etiam
402 441 421 459 in
432 444 535 465 posterum,
546 444 624 465 propter
635 444 736 464 expectan-

63 471 100 490 dos
115 472 227 496 praesertim
242 477 252 490 e
267 471 379 490 confirmato
393 472 437 490 fidei
450 472 513 490 studio
522 472 597 491 fruetus.
613 472 662 490 Eum
672 477 735 496 porro,

62 503 97 527 qui
112 502 190 521 caelesti
205 503 340 527 deprecatione
355 509 389 522 sua
403 503 452 522 hanc
469 503 526 522 talem
543 503 616 527 spiritui
634 507 699 522 vestro
717 507 737 522 et

63 534 129 553 solatii
144 538 163 552 et
178 534 289 553 incrementi
309 535 415 553 ubertatem
433 535 510 556 creavit,
530 534 605 553 fidimus
623 534 736 553 adstiturum

63 565 144 584 assidue
158 565 219 587 vobis,
238 571 296 589 quum
316 570 414 590 concepta.
433 572 469 590 pro
486 565 619 590 amplificanda
637 565 735 590 religione.

65 596 166 621 proposita
185 597 254 615 nitetur
275 597 404 621 unusquisque
423 602 506 616 vestrum
528 597 624 621 perficere.
646 597 736 615 Nostram

63 628 140 647 interea
154 632 174 646 et
188 628 321 652 probationem
335 628 417 653 excipite
431 632 451 647 et
460 628 542 650 laudem,
552 628 644 652 testisque
653 627 736 646 dilectio-

65 659 94 677 nis
109 659 193 677 Nostrae
207 659 321 683 Apostoliea
335 664 377 678 esto
391 659 504 681 benedictio,
522 666 579 684 quam
593 660 654 681 vobis,
673 658 737 678 dilecti

64 691 108 709 Filii
124 691 190 709 Nostri
208 697 231 709 ac
250 690 375 710 Venerabiles
394 691 474 712 Fratres,
495 691 609 715 creditis-que
626 691 737 716 vigilantiae

63 726 143 741 vestrae
158 722 245 741 fidelihus
259 726 380 746 peramanter
394 723 413 741 in
427 722 511 741 Domino
525 722 649 747 impertimus.

106 753 180 771 Datum
199 753 272 772 Romae
288 753 340 778 apud
358 754 376 772 S.
393 754 474 775 Petrum.
493 753 525 772 die
539 760 563 772 xv
578 754 625 772 Iunii
641 759 737 774 muccccv,

64 784 192 803 pontificatus
205 784 270 803 Nostri
284 785 375 803 secundo.

337 846 392 864 PIUS
405 846 438 864 ΡΡ.
450 845 469 864 X

119 1160 153 1171 aaa
161 1159 174 1170 s.
182 1159 219 1173 sear-7
227 1159 250 1171 ναι,
257 1159 286 1173 χιι,
292 1160 324 1173 tm.
332 1161 343 1171 1⁴
680 1162 688 1172 2
