<?xml version="1.0" encoding="UTF-8"?>
<!DOCTYPE html PUBLIC "-//W3C//DTD XHTML 1.0 Transitional//EN"
    "http://www.w3.org/TR/xhtml1/DTD/xhtml1-transitional.dtd">
<html xmlns="http://www.w3.org/1999/xhtml" xml:lang="en" lang="en">
 <head>
  <title>
</title>
<meta http-equiv="Content-Type" content="text/html;charset=utf-8" />
  <meta name='ocr-system' content='tesseract 3.04.00' />
  <meta name='ocr-capabilities' content='ocr_page ocr_carea ocr_par ocr_line ocrx_word'/>
</head>
<body>
  <div class='ocr_page' id='page_1' title='image "actasanctaesedi06popegoog_0206.png"; bbox 0 0 921 1304; ppageno 0'>
   <div class='ocr_carea' id='block_1_1' title="bbox 355 55 722 74">
    <p class='ocr_par' dir='ltr' id='par_1_1' title="bbox 355 55 722 74">
     <span class='ocr_line' id='line_1_1' title="bbox 355 55 722 74; baseline 0.008 -5"><span class='ocrx_word' id='word_1_1' title='bbox 355 55 422 74; x_wconf 73' lang='lat' dir='ltr'>Epistola</span> <span class='ocrx_word' id='word_1_2' title='bbox 695 58 700 68; x_wconf 82' lang='lat'>¹</span> <span class='ocrx_word' id='word_1_3' title='bbox 703 58 722 72; x_wconf 83' lang='lat'>99</span> 
     </span>
    </p>
   </div>
   <div class='ocr_carea' id='block_1_2' title="bbox 55 108 728 1164">
    <p class='ocr_par' dir='ltr' id='par_1_2' title="bbox 55 108 728 1164">
     <span class='ocr_line' id='line_1_2' title="bbox 57 108 724 134; baseline -0.001 -7"><span class='ocrx_word' id='word_1_4' title='bbox 57 113 75 127; x_wconf 81' lang='lat' dir='ltr'>et</span> <span class='ocrx_word' id='word_1_5' title='bbox 88 109 146 128; x_wconf 78' lang='lat' dir='ltr'>armis</span> <span class='ocrx_word' id='word_1_6' title='bbox 159 108 255 130; x_wconf 77' lang='lat' dir='ltr'>similibus,</span> <span class='ocrx_word' id='word_1_7' title='bbox 271 115 306 133; x_wconf 87' lang='lat' dir='ltr'>pro</span> <span class='ocrx_word' id='word_1_8' title='bbox 321 109 358 128; x_wconf 87' lang='lat' dir='ltr'>fide</span> <span class='ocrx_word' id='word_1_9' title='bbox 373 109 495 133; x_wconf 85' lang='lat' dir='ltr'>moribusque</span> <span class='ocrx_word' id='word_1_10' title='bbox 509 109 589 130; x_wconf 81' lang='lat' dir='ltr'>tuendis,</span> <span class='ocrx_word' id='word_1_11' title='bbox 605 109 686 134; x_wconf 82' lang='lat' dir='ltr'>aggredi</span> <span class='ocrx_word' id='word_1_12' title='bbox 696 108 724 126; x_wconf 90' lang='lat' dir='ltr'>di-</span> 
     </span>
     <span class='ocr_line' id='line_1_3' title="bbox 59 140 723 165; baseline -0.002 -6"><span class='ocrx_word' id='word_1_13' title='bbox 59 140 182 161; x_wconf 82' lang='lat' dir='ltr'>micationem,</span> <span class='ocrx_word' id='word_1_14' title='bbox 198 141 268 165; x_wconf 76' lang='lat' dir='ltr'>scripta</span> <span class='ocrx_word' id='word_1_15' title='bbox 283 140 363 165; x_wconf 81' lang='lat' dir='ltr'>scriptis.</span> <span class='ocrx_word' id='word_1_16' title='bbox 379 140 449 159; x_wconf 79' lang='lat' dir='ltr'>diarios</span> <span class='ocrx_word' id='word_1_17' title='bbox 463 140 533 161; x_wconf 76' lang='lat' dir='ltr'>diariis,</span> <span class='ocrx_word' id='word_1_18' title='bbox 544 140 602 159; x_wconf 85' lang='lat' dir='ltr'>libros</span> <span class='ocrx_word' id='word_1_19' title='bbox 616 140 668 159; x_wconf 88' lang='lat' dir='ltr'>libris</span> <span class='ocrx_word' id='word_1_20' title='bbox 677 140 723 158; x_wconf 84' lang='lat' dir='ltr'>obii-</span> 
     </span>
     <span class='ocr_line' id='line_1_4' title="bbox 58 171 723 196; baseline 0 -7"><span class='ocrx_word' id='word_1_21' title='bbox 58 171 129 191; x_wconf 83' lang='lat' dir='ltr'>ciendo.</span> <span class='ocrx_word' id='word_1_22' title='bbox 144 172 225 190; x_wconf 75' lang='lat' dir='ltr'>Nostrae</span> <span class='ocrx_word' id='word_1_23' title='bbox 235 171 323 196; x_wconf 85' lang='lat' dir='ltr'>equidem</span> <span class='ocrx_word' id='word_1_24' title='bbox 338 171 405 190; x_wconf 72' lang='lat' dir='ltr'>aetatis</span> <span class='ocrx_word' id='word_1_25' title='bbox 419 171 455 190; x_wconf 83' lang='lat' dir='ltr'>hoe</span> <span class='ocrx_word' id='word_1_26' title='bbox 466 175 529 195; x_wconf 81' lang='lat' dir='ltr'>potest</span> <span class='ocrx_word' id='word_1_27' title='bbox 543 171 615 190; x_wconf 80' lang='lat' dir='ltr'>censeri</span> <span class='ocrx_word' id='word_1_28' title='bbox 625 171 723 195; x_wconf 87' lang='lat' dir='ltr'>proprium</span> 
     </span>
     <span class='ocr_line' id='line_1_5' title="bbox 58 202 722 227; baseline 0 -6"><span class='ocrx_word' id='word_1_29' title='bbox 58 206 77 221; x_wconf 88' lang='lat' dir='ltr'>ut</span> <span class='ocrx_word' id='word_1_30' title='bbox 85 202 168 221; x_wconf 81' lang='lat' dir='ltr'>inveniat</span> <span class='ocrx_word' id='word_1_31' title='bbox 177 209 189 221; x_wconf 90' lang='lat' dir='ltr'>a</span> <span class='ocrx_word' id='word_1_32' title='bbox 198 202 251 227; x_wconf 87' lang='lat' dir='ltr'>prelo</span> <span class='ocrx_word' id='word_1_33' title='bbox 261 209 340 222; x_wconf 77' lang='lat' dir='ltr'>nornen:</span> <span class='ocrx_word' id='word_1_34' title='bbox 352 202 489 227; x_wconf 84' lang='lat' dir='ltr'>deplorandum</span> <span class='ocrx_word' id='word_1_35' title='bbox 499 206 563 221; x_wconf 83' lang='lat' dir='ltr'>tamen</span> <span class='ocrx_word' id='word_1_36' title='bbox 574 206 608 224; x_wconf 72' lang='lat' dir='ltr'>est,</span> <span class='ocrx_word' id='word_1_37' title='bbox 620 209 658 222; x_wconf 87' lang='lat' dir='ltr'>non</span> <span class='ocrx_word' id='word_1_38' title='bbox 668 209 722 221; x_wconf 86' lang='lat' dir='ltr'>usum</span> 
     </span>
     <span class='ocr_line' id='line_1_6' title="bbox 57 234 724 259; baseline 0.001 -7"><span class='ocrx_word' id='word_1_39' title='bbox 57 234 155 253; x_wconf 82' lang='lat' dir='ltr'>invaluisse</span> <span class='ocrx_word' id='word_1_40' title='bbox 165 234 218 259; x_wconf 84' lang='lat' dir='ltr'>preli,</span> <span class='ocrx_word' id='word_1_41' title='bbox 228 234 302 253; x_wconf 79' lang='lat' dir='ltr'>veritati</span> <span class='ocrx_word' id='word_1_42' title='bbox 313 234 394 253; x_wconf 82' lang='lat' dir='ltr'>maxime</span> <span class='ocrx_word' id='word_1_43' title='bbox 404 234 506 258; x_wconf 80' lang='lat' dir='ltr'>virtutique</span> <span class='ocrx_word' id='word_1_44' title='bbox 518 234 656 259; x_wconf 76' lang='lat' dir='ltr'>propagandae</span> <span class='ocrx_word' id='word_1_45' title='bbox 669 241 724 259; x_wconf 83' lang='lat' dir='ltr'>peru-</span> 
     </span>
     <span class='ocr_line' id='line_1_7' title="bbox 57 265 721 290; baseline 0 -6"><span class='ocrx_word' id='word_1_46' title='bbox 57 265 113 286; x_wconf 80' lang='lat' dir='ltr'>tilem,</span> <span class='ocrx_word' id='word_1_47' title='bbox 124 265 157 284; x_wconf 83' lang='lat' dir='ltr'>sed</span> <span class='ocrx_word' id='word_1_48' title='bbox 168 266 280 284; x_wconf 77' lang='lat' dir='ltr'>abusionem</span> <span class='ocrx_word' id='word_1_49' title='bbox 290 271 405 290; x_wconf 80' lang='lat' dir='ltr'>perversam,</span> <span class='ocrx_word' id='word_1_50' title='bbox 416 271 465 290; x_wconf 76' lang='lat' dir='ltr'>quae</span> <span class='ocrx_word' id='word_1_51' title='bbox 480 265 544 290; x_wconf 78' lang='lat' dir='ltr'>legum</span> <span class='ocrx_word' id='word_1_52' title='bbox 554 265 659 290; x_wconf 82' lang='lat' dir='ltr'>patrocinio</span> <span class='ocrx_word' id='word_1_53' title='bbox 669 265 721 287; x_wconf 79' lang='lat' dir='ltr'>freta.</span> 
     </span>
     <span class='ocr_line' id='line_1_8' title="bbox 57 296 724 321; baseline 0 -6"><span class='ocrx_word' id='word_1_54' title='bbox 57 296 106 315; x_wconf 81' lang='lat' dir='ltr'>fovet</span> <span class='ocrx_word' id='word_1_55' title='bbox 119 300 138 315; x_wconf 89' lang='lat' dir='ltr'>et</span> <span class='ocrx_word' id='word_1_56' title='bbox 152 296 185 315; x_wconf 82' lang='lat' dir='ltr'>alit</span> <span class='ocrx_word' id='word_1_57' title='bbox 200 297 218 315; x_wconf 88' lang='lat' dir='ltr'>in</span> <span class='ocrx_word' id='word_1_58' title='bbox 233 296 354 321; x_wconf 79' lang='lat' dir='ltr'>Religionem</span> <span class='ocrx_word' id='word_1_59' title='bbox 373 296 448 317; x_wconf 88' lang='lat' dir='ltr'>bellum.</span> <span class='ocrx_word' id='word_1_60' title='bbox 464 302 527 315; x_wconf 84' lang='lat' dir='ltr'>mores</span> <span class='ocrx_word' id='word_1_61' title='bbox 543 296 616 315; x_wconf 82' lang='lat' dir='ltr'>inducit</span> <span class='ocrx_word' id='word_1_62' title='bbox 629 298 724 315; x_wconf 71' lang='lat' dir='ltr'>eon-nmen-</span> 
     </span>
     <span class='ocr_line' id='line_1_9' title="bbox 57 327 724 352; baseline 0 -6"><span class='ocrx_word' id='word_1_63' title='bbox 57 327 125 352; x_wconf 83' lang='lat' dir='ltr'>datque</span> <span class='ocrx_word' id='word_1_64' title='bbox 140 328 229 352; x_wconf 85' lang='lat' dir='ltr'>perditos,</span> <span class='ocrx_word' id='word_1_65' title='bbox 249 328 329 346; x_wconf 81' lang='lat' dir='ltr'>invidias</span> <span class='ocrx_word' id='word_1_66' title='bbox 347 328 365 346; x_wconf 87' lang='lat' dir='ltr'>in</span> <span class='ocrx_word' id='word_1_67' title='bbox 380 328 457 346; x_wconf 75' lang='lat' dir='ltr'>civitate</span> <span class='ocrx_word' id='word_1_68' title='bbox 475 328 550 348; x_wconf 81' lang='lat' dir='ltr'>conflat.</span> <span class='ocrx_word' id='word_1_69' title='bbox 568 328 669 347; x_wconf 80' lang='lat' dir='ltr'>effrenatas</span> <span class='ocrx_word' id='word_1_70' title='bbox 686 328 724 346; x_wconf 83' lang='lat' dir='ltr'>ciet</span> 
     </span>
     <span class='ocr_line' id='line_1_10' title="bbox 56 359 722 384; baseline 0 -7"><span class='ocrx_word' id='word_1_71' title='bbox 56 359 158 383; x_wconf 77' lang='lat' dir='ltr'>cupidines,</span> <span class='ocrx_word' id='word_1_72' title='bbox 173 359 265 383; x_wconf 87' lang='lat' dir='ltr'>quidquid</span> <span class='ocrx_word' id='word_1_73' title='bbox 279 359 361 384; x_wconf 87' lang='lat' dir='ltr'>denique</span> <span class='ocrx_word' id='word_1_74' title='bbox 375 359 399 377; x_wconf 79' lang='lat' dir='ltr'>ad</span> <span class='ocrx_word' id='word_1_75' title='bbox 414 359 511 377; x_wconf 87' lang='lat' dir='ltr'>hominum</span> <span class='ocrx_word' id='word_1_76' title='bbox 522 363 596 378; x_wconf 85' lang='lat' dir='ltr'>mentes</span> <span class='ocrx_word' id='word_1_77' title='bbox 610 359 722 383; x_wconf 85' lang='lat' dir='ltr'>animosque</span> 
     </span>
     <span class='ocr_line' id='line_1_11' title="bbox 56 389 723 415; baseline 0 -7"><span class='ocrx_word' id='word_1_78' title='bbox 56 390 204 414; x_wconf 79' lang='lat' dir='ltr'>corrumpendos</span> <span class='ocrx_word' id='word_1_79' title='bbox 214 394 243 408; x_wconf 83' lang='lat' dir='ltr'>est</span> <span class='ocrx_word' id='word_1_80' title='bbox 252 394 318 414; x_wconf 78' lang='lat' dir='ltr'>aptum</span> <span class='ocrx_word' id='word_1_81' title='bbox 327 390 438 414; x_wconf 82' lang='lat' dir='ltr'>quotidiana</span> <span class='ocrx_word' id='word_1_82' title='bbox 448 396 506 414; x_wconf 91' lang='lat' dir='ltr'>opera</span> <span class='ocrx_word' id='word_1_83' title='bbox 516 390 594 415; x_wconf 65' lang='lat' dir='ltr'>spargit</span> <span class='ocrx_word' id='word_1_84' title='bbox 611 390 654 408; x_wconf 87' lang='lat' dir='ltr'>Plus</span> <span class='ocrx_word' id='word_1_85' title='bbox 664 389 723 408; x_wconf 88' lang='lat' dir='ltr'>semel</span> 
     </span>
     <span class='ocr_line' id='line_1_12' title="bbox 57 421 723 446; baseline -0.002 -6"><span class='ocrx_word' id='word_1_86' title='bbox 57 421 138 445; x_wconf 87' lang='lat' dir='ltr'>periculo</span> <span class='ocrx_word' id='word_1_87' title='bbox 157 421 253 440; x_wconf 76' lang='lat' dir='ltr'>commoti.</span> <span class='ocrx_word' id='word_1_88' title='bbox 268 425 287 440; x_wconf 84' lang='lat' dir='ltr'>et</span> <span class='ocrx_word' id='word_1_89' title='bbox 301 421 357 440; x_wconf 82' lang='lat' dir='ltr'>officii</span> <span class='ocrx_word' id='word_1_90' title='bbox 377 427 415 439; x_wconf 94' lang='lat' dir='ltr'>non</span> <span class='ocrx_word' id='word_1_91' title='bbox 432 421 553 439; x_wconf 83' lang='lat' dir='ltr'>immemores</span> <span class='ocrx_word' id='word_1_92' title='bbox 571 427 609 446; x_wconf 86' lang='lat' dir='ltr'>quo</span> <span class='ocrx_word' id='word_1_93' title='bbox 628 421 723 440; x_wconf 82' lang='lat' dir='ltr'>custodire</span> 
     </span>
     <span class='ocr_line' id='line_1_13' title="bbox 56 452 723 478; baseline 0 -7"><span class='ocrx_word' id='word_1_94' title='bbox 56 459 135 478; x_wconf 81' lang='lat' dir='ltr'>gregem</span> <span class='ocrx_word' id='word_1_95' title='bbox 150 453 257 471; x_wconf 86' lang='lat' dir='ltr'>universum</span> <span class='ocrx_word' id='word_1_96' title='bbox 272 459 353 477; x_wconf 88' lang='lat' dir='ltr'>eumque</span> <span class='ocrx_word' id='word_1_97' title='bbox 367 459 379 471; x_wconf 88' lang='lat' dir='ltr'>a</span> <span class='ocrx_word' id='word_1_98' title='bbox 394 452 448 471; x_wconf 82' lang='lat' dir='ltr'>malis</span> <span class='ocrx_word' id='word_1_99' title='bbox 457 459 522 471; x_wconf 79' lang='lat' dir='ltr'>arcere</span> <span class='ocrx_word' id='word_1_100' title='bbox 536 452 629 477; x_wconf 81' lang='lat' dir='ltr'>bonisque</span> <span class='ocrx_word' id='word_1_101' title='bbox 639 452 723 471; x_wconf 82' lang='lat' dir='ltr'>enutrire</span> 
     </span>
     <span class='ocr_line' id='line_1_14' title="bbox 56 483 723 509; baseline 0 -7"><span class='ocrx_word' id='word_1_102' title='bbox 56 485 135 508; x_wconf 84' lang='lat' dir='ltr'>pascuis.</span> <span class='ocrx_word' id='word_1_103' title='bbox 151 484 292 509; x_wconf 80' lang='lat' dir='ltr'>obstringimur,</span> <span class='ocrx_word' id='word_1_104' title='bbox 308 483 345 502; x_wconf 80' lang='lat' dir='ltr'>alte</span> <span class='ocrx_word' id='word_1_105' title='bbox 359 490 425 508; x_wconf 79' lang='lat' dir='ltr'>regna,</span> <span class='ocrx_word' id='word_1_106' title='bbox 441 483 563 508; x_wconf 78' lang='lat' dir='ltr'>respublicas,</span> <span class='ocrx_word' id='word_1_107' title='bbox 578 483 671 505; x_wconf 75' lang='lat' dir='ltr'>sodalitia.</span> <span class='ocrx_word' id='word_1_108' title='bbox 687 483 723 502; x_wconf 88' lang='lat' dir='ltr'>sin-</span> 
     </span>
     <span class='ocr_line' id='line_1_15' title="bbox 56 514 722 540; baseline 0 -7"><span class='ocrx_word' id='word_1_109' title='bbox 56 515 110 540; x_wconf 82' lang='lat' dir='ltr'>gulos</span> <span class='ocrx_word' id='word_1_110' title='bbox 128 515 231 534; x_wconf 78' lang='lat' dir='ltr'>admonere</span> <span class='ocrx_word' id='word_1_111' title='bbox 250 521 287 533; x_wconf 87' lang='lat' dir='ltr'>non</span> <span class='ocrx_word' id='word_1_112' title='bbox 304 515 412 536; x_wconf 85' lang='lat' dir='ltr'>omisimus,</span> <span class='ocrx_word' id='word_1_113' title='bbox 434 514 561 533; x_wconf 82' lang='lat' dir='ltr'>deliberarent</span> <span class='ocrx_word' id='word_1_114' title='bbox 579 514 663 533; x_wconf 71' lang='lat' dir='ltr'>conferre</span> <span class='ocrx_word' id='word_1_115' title='bbox 682 515 722 533; x_wconf 89' lang='lat' dir='ltr'>sine</span> 
     </span>
     <span class='ocr_line' id='line_1_16' title="bbox 56 545 723 571; baseline -0.001 -6"><span class='ocrx_word' id='word_1_116' title='bbox 56 553 108 565; x_wconf 82' lang='lat' dir='ltr'>mora</span> <span class='ocrx_word' id='word_1_117' title='bbox 121 546 176 567; x_wconf 88' lang='lat' dir='ltr'>vires,</span> <span class='ocrx_word' id='word_1_118' title='bbox 192 546 207 565; x_wconf 81' lang='lat' dir='ltr'>si</span> <span class='ocrx_word' id='word_1_119' title='bbox 221 546 291 565; x_wconf 87' lang='lat' dir='ltr'>vellent</span> <span class='ocrx_word' id='word_1_120' title='bbox 301 550 362 565; x_wconf 84' lang='lat' dir='ltr'>satam</span> <span class='ocrx_word' id='word_1_121' title='bbox 372 546 443 565; x_wconf 83' lang='lat' dir='ltr'>Christi</span> <span class='ocrx_word' id='word_1_122' title='bbox 453 546 546 571; x_wconf 82' lang='lat' dir='ltr'>sanguine</span> <span class='ocrx_word' id='word_1_123' title='bbox 561 545 617 564; x_wconf 85' lang='lat' dir='ltr'>fidem</span> <span class='ocrx_word' id='word_1_124' title='bbox 627 546 723 564; x_wconf 78' lang='lat' dir='ltr'>virtutem·</span> 
     </span>
     <span class='ocr_line' id='line_1_17' title="bbox 55 576 728 601; baseline 0 -6"><span class='ocrx_word' id='word_1_125' title='bbox 55 583 90 601; x_wconf 92' lang='lat' dir='ltr'>que</span> <span class='ocrx_word' id='word_1_126' title='bbox 105 577 149 598; x_wconf 74' lang='lat' dir='ltr'>inde</span> <span class='ocrx_word' id='word_1_127' title='bbox 163 577 292 595; x_wconf 77' lang='lat' dir='ltr'>dimanantem</span> <span class='ocrx_word' id='word_1_128' title='bbox 307 577 408 595; x_wconf 79' lang='lat' dir='ltr'>adservare</span> <span class='ocrx_word' id='word_1_129' title='bbox 422 576 503 601; x_wconf 56' lang='lat' dir='ltr'>publice,</span> <span class='ocrx_word' id='word_1_130' title='bbox 519 577 559 595; x_wconf 81' lang='lat' dir='ltr'>Nec</span> <span class='ocrx_word' id='word_1_131' title='bbox 574 576 650 595; x_wconf 77' lang='lat' dir='ltr'>defuere</span> <span class='ocrx_word' id='word_1_132' title='bbox 666 582 728 601; x_wconf 39' lang='lat' dir='ltr'>quae--</span> 
     </span>
     <span class='ocr_line' id='line_1_18' title="bbox 56 607 722 633; baseline -0.002 -6"><span class='ocrx_word' id='word_1_133' title='bbox 56 608 98 627; x_wconf 90' lang='lat' dir='ltr'>dam</span> <span class='ocrx_word' id='word_1_134' title='bbox 113 608 210 627; x_wconf 75' lang='lat' dir='ltr'>recreandi</span> <span class='ocrx_word' id='word_1_135' title='bbox 224 608 281 627; x_wconf 80' lang='lat' dir='ltr'>animi</span> <span class='ocrx_word' id='word_1_136' title='bbox 296 614 380 629; x_wconf 76' lang='lat' dir='ltr'>caussae,</span> <span class='ocrx_word' id='word_1_137' title='bbox 396 608 414 626; x_wconf 93' lang='lat' dir='ltr'>in</span> <span class='ocrx_word' id='word_1_138' title='bbox 429 608 498 632; x_wconf 86' lang='lat' dir='ltr'>quibus</span> <span class='ocrx_word' id='word_1_139' title='bbox 512 608 548 627; x_wconf 86' lang='lat' dir='ltr'>hoc</span> <span class='ocrx_word' id='word_1_140' title='bbox 562 608 630 633; x_wconf 85' lang='lat' dir='ltr'>placet,</span> <span class='ocrx_word' id='word_1_141' title='bbox 645 607 722 626; x_wconf 83' lang='lat' dir='ltr'>honoris</span> 
     </span>
     <span class='ocr_line' id='line_1_19' title="bbox 55 638 722 665; baseline -0.001 -7"><span class='ocrx_word' id='word_1_142' title='bbox 55 644 74 658; x_wconf 79' lang='lat' dir='ltr'>et</span> <span class='ocrx_word' id='word_1_143' title='bbox 82 640 196 658; x_wconf 81' lang='lat' dir='ltr'>hortamenti</span> <span class='ocrx_word' id='word_1_144' title='bbox 206 640 268 665; x_wconf 84' lang='lat' dir='ltr'>gratia</span> <span class='ocrx_word' id='word_1_145' title='bbox 278 639 392 661; x_wconf 79' lang='lat' dir='ltr'>meminisse,</span> <span class='ocrx_word' id='word_1_146' title='bbox 401 639 498 658; x_wconf 77' lang='lat' dir='ltr'>Austriam</span> <span class='ocrx_word' id='word_1_147' title='bbox 509 639 569 658; x_wconf 85' lang='lat' dir='ltr'>Nobis</span> <span class='ocrx_word' id='word_1_148' title='bbox 577 638 640 658; x_wconf 85' lang='lat' dir='ltr'>studio</span> <span class='ocrx_word' id='word_1_149' title='bbox 648 645 722 657; x_wconf 86' lang='lat' dir='ltr'>summo</span> 
     </span>
     <span class='ocr_line' id='line_1_20' title="bbox 56 670 722 695; baseline 0 -6"><span class='ocrx_word' id='word_1_150' title='bbox 56 671 200 692; x_wconf 85' lang='lat' dir='ltr'>obsecundasse,</span> <span class='ocrx_word' id='word_1_151' title='bbox 216 671 359 695; x_wconf 81' lang='lat' dir='ltr'>coniunctisque</span> <span class='ocrx_word' id='word_1_152' title='bbox 374 677 408 695; x_wconf 85' lang='lat' dir='ltr'>pro</span> <span class='ocrx_word' id='word_1_153' title='bbox 423 671 518 689; x_wconf 88' lang='lat' dir='ltr'>communi</span> <span class='ocrx_word' id='word_1_154' title='bbox 530 670 659 689; x_wconf 82' lang='lat' dir='ltr'>incolumitate</span> <span class='ocrx_word' id='word_1_155' title='bbox 669 676 722 695; x_wconf 84' lang='lat' dir='ltr'>prae-</span> 
     </span>
     <span class='ocr_line' id='line_1_21' title="bbox 56 701 722 727; baseline -0.002 -6"><span class='ocrx_word' id='word_1_156' title='bbox 56 703 113 724; x_wconf 82' lang='lat' dir='ltr'>sidiis,</span> <span class='ocrx_word' id='word_1_157' title='bbox 128 709 182 727; x_wconf 87' lang='lat' dir='ltr'>spem</span> <span class='ocrx_word' id='word_1_158' title='bbox 196 702 306 727; x_wconf 78' lang='lat' dir='ltr'>praebuisse</span> <span class='ocrx_word' id='word_1_159' title='bbox 321 702 438 726; x_wconf 76' lang='lat' dir='ltr'>peramplam</span> <span class='ocrx_word' id='word_1_160' title='bbox 453 708 510 726; x_wconf 83' lang='lat' dir='ltr'>posse</span> <span class='ocrx_word' id='word_1_161' title='bbox 524 701 625 726; x_wconf 84' lang='lat' dir='ltr'>aliquando</span> <span class='ocrx_word' id='word_1_162' title='bbox 638 708 675 720; x_wconf 87' lang='lat' dir='ltr'>non</span> <span class='ocrx_word' id='word_1_163' title='bbox 689 702 722 720; x_wconf 87' lang='lat' dir='ltr'>eir-</span> 
     </span>
     <span class='ocr_line' id='line_1_22' title="bbox 56 732 720 758; baseline -0.002 -6"><span class='ocrx_word' id='word_1_164' title='bbox 56 733 154 753; x_wconf 81' lang='lat' dir='ltr'>cumscribi</span> <span class='ocrx_word' id='word_1_165' title='bbox 163 738 183 752; x_wconf 86' lang='lat' dir='ltr'>et</span> <span class='ocrx_word' id='word_1_166' title='bbox 192 733 290 753; x_wconf 80' lang='lat' dir='ltr'>extenuari</span> <span class='ocrx_word' id='word_1_167' title='bbox 304 737 382 755; x_wconf 64' lang='lat' dir='ltr'>mutum,</span> <span class='ocrx_word' id='word_1_168' title='bbox 394 733 428 752; x_wconf 85' lang='lat' dir='ltr'>sed</span> <span class='ocrx_word' id='word_1_169' title='bbox 438 732 543 758; x_wconf 79' lang='lat' dir='ltr'>propulsari</span> <span class='ocrx_word' id='word_1_170' title='bbox 552 733 636 758; x_wconf 84' lang='lat' dir='ltr'>gloriose</span> <span class='ocrx_word' id='word_1_171' title='bbox 645 733 720 751; x_wconf 85' lang='lat' dir='ltr'>damna.</span> 
     </span>
     <span class='ocr_line' id='line_1_23' title="bbox 56 764 722 789; baseline -0.002 -5"><span class='ocrx_word' id='word_1_172' title='bbox 56 765 124 784; x_wconf 79' lang='lat' dir='ltr'>Grates</span> <span class='ocrx_word' id='word_1_173' title='bbox 138 769 202 784; x_wconf 78' lang='lat' dir='ltr'>autem</span> <span class='ocrx_word' id='word_1_174' title='bbox 217 765 260 783; x_wconf 88' lang='lat' dir='ltr'>Deo</span> <span class='ocrx_word' id='word_1_175' title='bbox 273 765 316 786; x_wconf 67' lang='lat' dir='ltr'>sint,</span> <span class='ocrx_word' id='word_1_176' title='bbox 331 765 384 783; x_wconf 84' lang='lat' dir='ltr'>cuius</span> <span class='ocrx_word' id='word_1_177' title='bbox 393 765 477 789; x_wconf 79' lang='lat' dir='ltr'>pretioso</span> <span class='ocrx_word' id='word_1_178' title='bbox 492 771 569 783; x_wconf 87' lang='lat' dir='ltr'>munere</span> <span class='ocrx_word' id='word_1_179' title='bbox 583 764 620 783; x_wconf 85' lang='lat' dir='ltr'>alia</span> <span class='ocrx_word' id='word_1_180' title='bbox 633 770 683 783; x_wconf 86' lang='lat' dir='ltr'>nunc</span> <span class='ocrx_word' id='word_1_181' title='bbox 692 771 722 783; x_wconf 82' lang='lat' dir='ltr'>ea-</span> 
     </span>
     <span class='ocr_line' id='line_1_24' title="bbox 56 795 722 821; baseline 0 -7"><span class='ocrx_word' id='word_1_182' title='bbox 56 803 91 820; x_wconf 85' lang='lat' dir='ltr'>que</span> <span class='ocrx_word' id='word_1_183' title='bbox 100 796 267 815; x_wconf 78' lang='lat' dir='ltr'>vehementissime</span> <span class='ocrx_word' id='word_1_184' title='bbox 281 796 366 820; x_wconf 83' lang='lat' dir='ltr'>expetita</span> <span class='ocrx_word' id='word_1_185' title='bbox 375 800 452 820; x_wconf 83' lang='lat' dir='ltr'>paratur</span> <span class='ocrx_word' id='word_1_186' title='bbox 467 796 528 814; x_wconf 85' lang='lat' dir='ltr'>Nobis</span> <span class='ocrx_word' id='word_1_187' title='bbox 537 796 561 814; x_wconf 88' lang='lat' dir='ltr'>ab</span> <span class='ocrx_word' id='word_1_188' title='bbox 576 796 676 821; x_wconf 76' lang='lat' dir='ltr'>Hungaria</span> <span class='ocrx_word' id='word_1_189' title='bbox 686 795 722 814; x_wconf 86' lang='lat' dir='ltr'>lae-</span> 
     </span>
     <span class='ocr_line' id='line_1_25' title="bbox 56 827 721 852; baseline 0 -7"><span class='ocrx_word' id='word_1_190' title='bbox 56 828 100 846; x_wconf 81' lang='lat' dir='ltr'>titia.</span> <span class='ocrx_word' id='word_1_191' title='bbox 116 827 235 846; x_wconf 83' lang='lat' dir='ltr'>Confidimus</span> <span class='ocrx_word' id='word_1_192' title='bbox 249 831 300 846; x_wconf 83' lang='lat' dir='ltr'>certo</span> <span class='ocrx_word' id='word_1_193' title='bbox 321 827 385 852; x_wconf 78' lang='lat' dir='ltr'>magni</span> <span class='ocrx_word' id='word_1_194' title='bbox 399 827 493 852; x_wconf 86' lang='lat' dir='ltr'>originem</span> <span class='ocrx_word' id='word_1_195' title='bbox 513 827 608 846; x_wconf 85' lang='lat' dir='ltr'>commodi</span> <span class='ocrx_word' id='word_1_196' title='bbox 622 827 721 845; x_wconf 80' lang='lat' dir='ltr'>consilium</span> 
     </span>
     <span class='ocr_line' id='line_1_26' title="bbox 56 858 722 883; baseline 0 -6"><span class='ocrx_word' id='word_1_197' title='bbox 56 863 136 877; x_wconf 86' lang='lat' dir='ltr'>vestrum</span> <span class='ocrx_word' id='word_1_198' title='bbox 147 859 255 879; x_wconf 84' lang='lat' dir='ltr'>extiturum,</span> <span class='ocrx_word' id='word_1_199' title='bbox 267 858 359 883; x_wconf 84' lang='lat' dir='ltr'>huiusque</span> <span class='ocrx_word' id='word_1_200' title='bbox 370 858 482 877; x_wconf 77' lang='lat' dir='ltr'>efficacitate</span> <span class='ocrx_word' id='word_1_201' title='bbox 492 864 548 883; x_wconf 77' lang='lat' dir='ltr'>posse</span> <span class='ocrx_word' id='word_1_202' title='bbox 558 865 580 877; x_wconf 82' lang='lat' dir='ltr'>ae</span> <span class='ocrx_word' id='word_1_203' title='bbox 590 859 661 877; x_wconf 85' lang='lat' dir='ltr'>debere</span> <span class='ocrx_word' id='word_1_204' title='bbox 670 858 722 877; x_wconf 86' lang='lat' dir='ltr'>Hun-</span> 
     </span>
     <span class='ocr_line' id='line_1_27' title="bbox 56 889 722 915; baseline 0 -7"><span class='ocrx_word' id='word_1_205' title='bbox 56 890 126 915; x_wconf 79' lang='lat' dir='ltr'>gariam</span> <span class='ocrx_word' id='word_1_206' title='bbox 141 894 216 914; x_wconf 80' lang='lat' dir='ltr'>partum</span> <span class='ocrx_word' id='word_1_207' title='bbox 226 896 237 908; x_wconf 91' lang='lat' dir='ltr'>a</span> <span class='ocrx_word' id='word_1_208' title='bbox 251 890 337 914; x_wconf 85' lang='lat' dir='ltr'>patribus</span> <span class='ocrx_word' id='word_1_209' title='bbox 346 897 357 908; x_wconf 80' lang='lat' dir='ltr'>a</span> <span class='ocrx_word' id='word_1_210' title='bbox 367 890 449 914; x_wconf 83' lang='lat' dir='ltr'>divoque</span> <span class='ocrx_word' id='word_1_211' title='bbox 464 890 546 908; x_wconf 83' lang='lat' dir='ltr'>maxime</span> <span class='ocrx_word' id='word_1_212' title='bbox 556 890 654 914; x_wconf 84' lang='lat' dir='ltr'>Stephano</span> <span class='ocrx_word' id='word_1_213' title='bbox 663 889 722 908; x_wconf 78' lang='lat' dir='ltr'>decus</span> 
     </span>
     <span class='ocr_line' id='line_1_28' title="bbox 56 921 722 945; baseline -0.002 -5"><span class='ocrx_word' id='word_1_214' title='bbox 56 922 101 940; x_wconf 81' lang='lat' dir='ltr'>tueri</span> <span class='ocrx_word' id='word_1_215' title='bbox 111 926 183 940; x_wconf 80' lang='lat' dir='ltr'>sartum</span> <span class='ocrx_word' id='word_1_216' title='bbox 192 925 211 940; x_wconf 79' lang='lat' dir='ltr'>et</span> <span class='ocrx_word' id='word_1_217' title='bbox 225 925 301 940; x_wconf 84' lang='lat' dir='ltr'>tectum.</span> <span class='ocrx_word' id='word_1_218' title='bbox 317 921 338 939; x_wconf 91' lang='lat' dir='ltr'>Id</span> <span class='ocrx_word' id='word_1_219' title='bbox 347 925 411 940; x_wconf 88' lang='lat' dir='ltr'>autem</span> <span class='ocrx_word' id='word_1_220' title='bbox 425 927 483 945; x_wconf 92' lang='lat' dir='ltr'>quum</span> <span class='ocrx_word' id='word_1_221' title='bbox 493 925 575 945; x_wconf 83' lang='lat' dir='ltr'>nequeat</span> <span class='ocrx_word' id='word_1_222' title='bbox 589 921 629 939; x_wconf 86' lang='lat' dir='ltr'>sine</span> <span class='ocrx_word' id='word_1_223' title='bbox 643 927 722 939; x_wconf 81' lang='lat' dir='ltr'>eonsen-</span> 
     </span>
     <span class='ocr_line' id='line_1_29' title="bbox 56 952 722 977; baseline -0.002 -6"><span class='ocrx_word' id='word_1_224' title='bbox 56 953 107 971; x_wconf 79' lang='lat' dir='ltr'>sione</span> <span class='ocrx_word' id='word_1_225' title='bbox 117 952 225 977; x_wconf 88' lang='lat' dir='ltr'>auxilioque</span> <span class='ocrx_word' id='word_1_226' title='bbox 235 953 329 971; x_wconf 85' lang='lat' dir='ltr'>bonorum</span> <span class='ocrx_word' id='word_1_227' title='bbox 343 952 398 973; x_wconf 86' lang='lat' dir='ltr'>effici,</span> <span class='ocrx_word' id='word_1_228' title='bbox 409 953 480 977; x_wconf 82' lang='lat' dir='ltr'>optima</span> <span class='ocrx_word' id='word_1_229' title='bbox 495 952 556 971; x_wconf 86' lang='lat' dir='ltr'>Nobis</span> <span class='ocrx_word' id='word_1_230' title='bbox 565 958 610 976; x_wconf 84' lang='lat' dir='ltr'>spes</span> <span class='ocrx_word' id='word_1_231' title='bbox 619 956 649 970; x_wconf 87' lang='lat' dir='ltr'>est</span> <span class='ocrx_word' id='word_1_232' title='bbox 658 952 722 976; x_wconf 85' lang='lat' dir='ltr'>explo-</span> 
     </span>
     <span class='ocr_line' id='line_1_30' title="bbox 56 983 721 1009; baseline 0 -7"><span class='ocrx_word' id='word_1_233' title='bbox 56 988 113 1002; x_wconf 81' lang='lat' dir='ltr'>ratam</span> <span class='ocrx_word' id='word_1_234' title='bbox 129 984 265 1009; x_wconf 80' lang='lat' dir='ltr'>Hungarorum</span> <span class='ocrx_word' id='word_1_235' title='bbox 274 983 392 1002; x_wconf 83' lang='lat' dir='ltr'>voluntatem</span> <span class='ocrx_word' id='word_1_236' title='bbox 403 984 428 1002; x_wconf 86' lang='lat' dir='ltr'>ita</span> <span class='ocrx_word' id='word_1_237' title='bbox 442 984 464 1002; x_wconf 75' lang='lat' dir='ltr'>iri</span> <span class='ocrx_word' id='word_1_238' title='bbox 479 984 497 1002; x_wconf 91' lang='lat' dir='ltr'>in</span> <span class='ocrx_word' id='word_1_239' title='bbox 507 984 603 1008; x_wconf 84' lang='lat' dir='ltr'>praesenti</span> <span class='ocrx_word' id='word_1_240' title='bbox 613 984 721 1002; x_wconf 85' lang='lat' dir='ltr'>discrimine</span> 
     </span>
     <span class='ocr_line' id='line_1_31' title="bbox 56 1014 721 1039; baseline 0 -6"><span class='ocrx_word' id='word_1_241' title='bbox 56 1015 186 1033; x_wconf 82' lang='lat' dir='ltr'>confirmatum</span> <span class='ocrx_word' id='word_1_242' title='bbox 196 1019 217 1033; x_wconf 91' lang='lat' dir='ltr'>ut</span> <span class='ocrx_word' id='word_1_243' title='bbox 230 1021 297 1033; x_wconf 88' lang='lat' dir='ltr'>omnes</span> <span class='ocrx_word' id='word_1_244' title='bbox 311 1014 336 1033; x_wconf 88' lang='lat' dir='ltr'>ad</span> <span class='ocrx_word' id='word_1_245' title='bbox 351 1021 415 1035; x_wconf 87' lang='lat' dir='ltr'>unum,</span> <span class='ocrx_word' id='word_1_246' title='bbox 426 1015 477 1039; x_wconf 83' lang='lat' dir='ltr'>apud</span> <span class='ocrx_word' id='word_1_247' title='bbox 491 1021 525 1033; x_wconf 85' lang='lat' dir='ltr'>vos</span> <span class='ocrx_word' id='word_1_248' title='bbox 539 1020 633 1039; x_wconf 83' lang='lat' dir='ltr'>generose</span> <span class='ocrx_word' id='word_1_249' title='bbox 647 1015 671 1033; x_wconf 94' lang='lat' dir='ltr'>de</span> <span class='ocrx_word' id='word_1_250' title='bbox 681 1014 721 1033; x_wconf 83' lang='lat' dir='ltr'>suis</span> 
     </span>
     <span class='ocr_line' id='line_1_32' title="bbox 56 1045 720 1070; baseline 0 -6"><span class='ocrx_word' id='word_1_251' title='bbox 56 1045 132 1064; x_wconf 78' lang='lat' dir='ltr'>fortunis</span> <span class='ocrx_word' id='word_1_252' title='bbox 142 1046 267 1064; x_wconf 82' lang='lat' dir='ltr'>saluberrimo</span> <span class='ocrx_word' id='word_1_253' title='bbox 277 1046 422 1070; x_wconf 80' lang='lat' dir='ltr'>necessarioque</span> <span class='ocrx_word' id='word_1_254' title='bbox 431 1046 545 1070; x_wconf 84' lang='lat' dir='ltr'>exequendo</span> <span class='ocrx_word' id='word_1_255' title='bbox 554 1046 607 1070; x_wconf 89' lang='lat' dir='ltr'>operi</span> <span class='ocrx_word' id='word_1_256' title='bbox 617 1046 720 1064; x_wconf 82' lang='lat' dir='ltr'>conferant.</span> 
     </span>
     <span class='ocr_line' id='line_1_33' title="bbox 57 1076 721 1102; baseline -0.002 -6"><span class='ocrx_word' id='word_1_257' title='bbox 57 1076 85 1095; x_wconf 87' lang='lat' dir='ltr'>Ab</span> <span class='ocrx_word' id='word_1_258' title='bbox 99 1077 205 1102; x_wconf 76' lang='lat' dir='ltr'>Hungaria,</span> <span class='ocrx_word' id='word_1_259' title='bbox 221 1083 333 1102; x_wconf 80' lang='lat' dir='ltr'>magnarum</span> <span class='ocrx_word' id='word_1_260' title='bbox 348 1081 427 1102; x_wconf 80' lang='lat' dir='ltr'>parente</span> <span class='ocrx_word' id='word_1_261' title='bbox 441 1077 550 1102; x_wconf 84' lang='lat' dir='ltr'>gloriarum,</span> <span class='ocrx_word' id='word_1_262' title='bbox 561 1083 631 1102; x_wconf 80' lang='lat' dir='ltr'>magna</span> <span class='ocrx_word' id='word_1_263' title='bbox 645 1083 721 1102; x_wconf 84' lang='lat' dir='ltr'>semper</span> 
     </span>
     <span class='ocr_line' id='line_1_34' title="bbox 56 1108 721 1133; baseline 0 -6"><span class='ocrx_word' id='word_1_264' title='bbox 56 1113 186 1133; x_wconf 73' lang='lat' dir='ltr'>expectamus:</span> <span class='ocrx_word' id='word_1_265' title='bbox 201 1108 246 1127; x_wconf 87' lang='lat' dir='ltr'>illud</span> <span class='ocrx_word' id='word_1_266' title='bbox 256 1114 302 1127; x_wconf 86' lang='lat' dir='ltr'>vero</span> <span class='ocrx_word' id='word_1_267' title='bbox 316 1108 335 1127; x_wconf 85' lang='lat' dir='ltr'>in</span> <span class='ocrx_word' id='word_1_268' title='bbox 350 1109 420 1133; x_wconf 88' lang='lat' dir='ltr'>primis,</span> <span class='ocrx_word' id='word_1_269' title='bbox 431 1108 525 1127; x_wconf 75' lang='lat' dir='ltr'>catholico</span> <span class='ocrx_word' id='word_1_270' title='bbox 535 1113 555 1127; x_wconf 87' lang='lat' dir='ltr'>ut</span> <span class='ocrx_word' id='word_1_271' title='bbox 568 1112 635 1127; x_wconf 83' lang='lat' dir='ltr'>ornata</span> <span class='ocrx_word' id='word_1_272' title='bbox 645 1109 721 1128; x_wconf 84' lang='lat' dir='ltr'>nomine</span> 
     </span>
     <span class='ocr_line' id='line_1_35' title="bbox 57 1139 722 1164; baseline 0 -6"><span class='ocrx_word' id='word_1_273' title='bbox 57 1144 135 1161; x_wconf 74' lang='lat' dir='ltr'>maneat,</span> <span class='ocrx_word' id='word_1_274' title='bbox 151 1139 277 1164; x_wconf 77' lang='lat' dir='ltr'>exemplaque</span> <span class='ocrx_word' id='word_1_275' title='bbox 292 1143 331 1158; x_wconf 78' lang='lat' dir='ltr'>tum</span> <span class='ocrx_word' id='word_1_276' title='bbox 345 1140 363 1157; x_wconf 89' lang='lat' dir='ltr'>in</span> <span class='ocrx_word' id='word_1_277' title='bbox 379 1139 452 1159; x_wconf 77' lang='lat' dir='ltr'>alendis</span> <span class='ocrx_word' id='word_1_278' title='bbox 465 1143 506 1157; x_wconf 91' lang='lat' dir='ltr'>tum</span> <span class='ocrx_word' id='word_1_279' title='bbox 520 1139 539 1157; x_wconf 89' lang='lat' dir='ltr'>in</span> <span class='ocrx_word' id='word_1_280' title='bbox 553 1139 637 1158; x_wconf 79' lang='lat' dir='ltr'>tutandis</span> <span class='ocrx_word' id='word_1_281' title='bbox 651 1139 688 1158; x_wconf 83' lang='lat' dir='ltr'>fide</span> <span class='ocrx_word' id='word_1_282' title='bbox 702 1144 722 1158; x_wconf 89' lang='lat' dir='ltr'>et</span> 
     </span>
    </p>
   </div>
  </div>
 </body>
</html>
