921 1304
185 59 204 77 78
394 59 419 73 Ex
430 59 445 73 s,
453 57 572 78 congregazione
585 58 647 73 aucun·

184 113 220 131 hoc
235 113 369 137 patrimonium
393 114 506 138 percutiunt,
522 113 655 138 persolvuntur
668 114 693 132 ab
707 113 748 131 eius
769 113 855 137 proprie-

183 144 232 163 tario
247 151 280 163 seu
295 151 412 169 possessore.
429 145 454 163 ita
468 149 488 163 et
501 149 546 163 taxa
565 145 624 169 vulgo
638 145 661 162 di
673 144 766 163 rai-chenu
788 144 855 162 mobile

184 175 266 200 persolvi
280 175 347 194 debet:
363 176 446 201 alioquin
461 180 572 201 sequeretur
585 175 637 200 quod
652 176 746 200 parochus
761 175 854 196 Lumcllt',

184 207 259 226 debitor
279 207 382 231 pensionis,
397 207 455 226 etiam
470 213 582 226 concurrere
596 207 675 225 deberet
689 207 713 225 ad
728 207 775 226 alias
791 211 852 228 taxas,

183 244 233 263 quae
247 245 305 263 super
318 239 374 257 bonis
391 240 492 263 paroeciae
506 239 639 263 pensionariae
656 242 743 263 gravant,
758 238 809 263 quod
823 242 854 257 est

183 270 293 289 absurdum.
309 270 337 288 Re
347 270 423 294 quidem
438 276 483 289 vera
497 270 543 289 haec
553 274 598 289 taxa
613 276 650 289 non
661 270 719 289 afficit
732 269 854 294 complexive

172 307 251 323 ,omnes
265 301 337 321 reditus
351 302 450 325 paroeciae
464 301 561 320 debiti-icis
575 301 672 326 pensionis
683 301 717 319 sed
727 301 798 319 directe
813 305 854 319 tan-

184 336 223 351 tum
237 336 305 357 gravat
319 333 470 357 assignationem
484 332 561 351 libellar.
573 338 611 356 230
626 333 694 351 factam
708 333 772 351 favore
786 337 855 356 paroe-

183 364 224 382 ciae
238 364 379 388 pensionariae:
395 364 432 382 iarn
447 370 492 383 vero
507 364 524 382 vi
539 364 610 383 decreti
625 370 655 382 an.
669 364 717 387 1807
728 364 775 382 haec
789 363 854 388 portio

183 395 279 414 subtracta
289 395 322 413 suit
332 401 343 413 a
353 395 444 414 reditibus
454 395 503 413 illius
513 395 624 420 paroeciae:
637 395 680 413 hinc
690 395 745 413 huius
755 401 799 418 pars
808 400 852 412 cum

183 426 265 450 spectari
280 427 321 450 ipsa
335 426 416 451 amplius
433 431 519 451 nequeat,
538 427 660 451 consequitur
673 426 725 451 quod
736 430 798 447 taxae,
808 432 853 444 eam

183 457 254 476 directe
268 457 379 478 afficientes,
394 458 478 476 debeant
492 459 515 476 ab
528 464 552 476 eo
566 458 595 476 cui
606 458 640 476 fuit
649 458 725 479 tributa.
736 457 824 482 persolvi-

223 489 290 513 Neque
305 493 404 514 regeratur
417 489 468 513 quod
477 495 500 508 ex
515 489 558 514 lege
573 489 622 508 civili
637 493 682 508 taxa
696 489 803 507 divitiarum
814 495 854 507 mo—

183 519 247 538 bilium
262 524 290 538 est
300 520 364 544 potius
378 520 470 539 solvenda
479 527 491 539 a
500 521 584 545 parocho
599 521 697 545 pensionis
711 520 803 539 debitore.
816 520 853 538 Re-

183 551 259 575 ponitur
273 551 324 569 enim
343 551 394 575 quod
409 552 455 570 haec
470 551 569 570 solutionis
590 551 692 570 methodus
706 551 783 569 inducta
796 555 826 569 est
840 556 853 569 a

183 582 245 603 Fism.
260 586 281 600 ut
295 582 367 601 facilius
382 587 506 601 memoratam
521 587 584 601 taxam
599 583 690 607 consequi
704 582 785 603 valeret;
801 586 820 600 et
832 582 851 600 id

183 614 274 638 probatur
288 620 312 632 ex
326 614 381 635 facto.
392 615 443 638 quod
458 614 489 632 lex
505 620 554 639 quae
569 615 621 639 cogit
636 614 739 638 parochum
753 613 853 638 pensionis

183 644 288 663 debitorem
303 645 327 663 ad
342 645 452 664 solvendam
474 650 543 667 taxam,
558 645 626 664 eadem
647 645 712 664 tribuit
729 645 812 670 parocho
827 645 852 663 sa-

183 676 273 695 cultatem
287 682 387 701 regressus
398 681 465 695 contra
475 677 571 701 pensionis
581 677 733 702 assignatarium,
744 680 764 694 ut
774 677 798 695 ab
808 676 853 700 ipso

183 712 270 732 repetere
284 708 345 732 possit
362 708 444 726 solutam
458 712 528 727 taxam.
552 708 596 727 Post
610 708 657 727 haec
672 707 746 726 incivile
759 712 810 726 esset
824 713 851 726 re-

183 745 257 757 currere
272 738 296 757 ad
311 739 432 763 aequitatem,
452 746 494 757 cum
516 739 563 758 haec
577 740 600 760 ,in
615 740 699 758 themate
713 745 751 757 non
766 739 811 757 iuris
825 739 853 757 in·

181 770 297 794 terpretatio.
314 770 347 788 sed
363 770 426 794 potius
440 771 539 789 subversio
553 775 604 789 esset
618 771 720 790 censenda.

223 801 310 819 Tandem
320 802 406 825 superius
420 802 508 826 exposita
518 802 680 821 confirmationem
695 802 788 826 recipiunt
799 808 852 825 prae-

183 832 247 850 sertim
262 839 285 851 ex
299 832 373 851 duabus
392 833 525 852 decisionibus.
546 833 588 852 Una
603 837 632 851 est
646 833 697 851 edita
711 839 722 851 a
737 832 755 851 S.
772 833 793 851 C.
809 832 850 851 EE.

182 867 202 881 et
212 863 252 882 RR.
261 863 279 881 in
289 863 376 882 Fodiana
387 870 420 882 seu
435 864 634 883 Troiana-Pannonis
643 864 680 883 diei
692 870 715 887 24
723 864 787 882 Martii
800 865 851 887 1899

182 898 202 912 et
212 900 223 917 9
233 894 284 919 Aug.
299 900 354 917 1901,
365 895 383 913 in
393 901 431 920 qua
443 902 480 914 non
493 896 568 914 debitor
579 896 676 920 pensionis
685 896 793 920 Episcopus
802 895 852 914 Tro-

183 925 242 946 ianus,
257 926 291 944 sed
312 926 444 950 pensionarius
458 927 565 951 Episcopus
580 927 677 945 Fodianus
698 927 799 945 damnatus
816 926 850 945 fuit

182 956 206 974 ad
220 956 270 974 illam
285 961 350 975 taxam
370 957 506 976 sustinendam.
528 958 595 976 Altera
608 958 680 977 decisio
695 958 764 982 prodiit
778 958 802 976 ab
815 958 851 976 hac

182 987 201 1007 S.
212 987 233 1006 C.
245 988 263 1006 in
274 988 513 1008 Aversana-Raductionis
522 990 621 1013 pemionis
634 990 671 1008 diei
687 995 710 1013 ²7
724 990 779 1008 Febr.
793 995 850 1012 ¹904»

181 1019 200 1037 in
210 1025 247 1043 qua
257 1020 389 1043 pensionarius
404 1026 437 1039 seu
447 1021 573 1039 Seminarium
587 1021 722 1040 dioecesanum
732 1021 850 1040 declaratum

182 1050 215 1068 suit
229 1051 290 1069 teneri
304 1051 328 1069 ad
343 1051 414 1070 dictum
428 1052 518 1071 tributum
533 1052 665 1071 sustinendum
675 1053 711 1077 (t).

221 1127 242 1143 (ι)
253 1126 281 1140 eir.
293 1126 329 1140 Am
340 1126 355 1140 s.
367 1126 413 1143 Sedis,
424 1127 452 1140 voi
466 1126 488 1143 32,
500 1131 532 1145 pag.
545 1131 581 1144 ¹²⁴³
592 1127 620 1141 voi.
633 1126 656 1144 ³⁴,
667 1131 699 1145 με.
712 1127 744 1145 ³9⁶,
756 1130 770 1141 ex
785 1127 814 1141 vol.
826 1127 851 1145 ³7,

182 1154 214 1168 m-
228 1155 260 1169 179-
