921 1304
179 56 206 70 ·42
350 52 374 66 Ex
385 52 400 66 s.
409 52 425 66 c.
436 52 543 71 episcoporum
554 55 568 66 a
578 52 676 71 Regularum

176 106 272 131 gregatio.
289 113 312 124 ne
327 106 400 125 muneri
414 112 449 124 suo
463 106 544 127 deficiat,
555 106 579 124 de
593 112 685 130 expresso
699 105 752 124 SSffii
768 105 847 124 Domini

177 138 242 157 Nostri
257 137 284 156 Pii
298 138 332 156 PP,
348 137 367 156 X
382 137 477 159 mandato,
493 137 606 156 sententiam
628 137 705 156 maioris
718 137 847 155 excommuni-

177 165 257 188 cationis
271 169 290 187 in
305 168 423 187 sacerdotem
437 168 536 187 Alfi-edum
547 163 608 192 ‘Loisy
623 168 736 187 nominatim
749 174 772 186 ac
782 170 847 192 perso-

177 200 249 219 naliter
268 200 386 224 pronunciat,
402 206 484 224 eumque
505 199 593 218 omnibus
607 199 663 224 plecti
685 199 752 223 poenis
772 198 847 223 publice

177 231 390 252 excommunicatorum,
401 237 423 250 ac
433 231 513 255 proinde
527 230 626 249 vitandum
639 237 676 248 esse
685 234 742 254 atque
754 230 778 248 ab
788 229 846 248 omni-

177 263 213 281 bus
227 262 289 284 vitari
300 262 368 283 debere,
383 262 493 281 solemniter
507 261 595 280 declarat.

218 294 290 312 Datum
304 294 377 312 Romae
392 299 416 311 ex
428 293 515 312 Aedibus
529 293 547 311 S.
559 292 628 313 Officii.
641 293 672 311 die
684 298 693 315 7
708 292 771 311 Martii
789 293 845 315 1908.

338 338 413 357 Pssrnus
428 338 554 359 Pammeni-1,
570 338 589 356 S.
604 337 627 356 R.
642 342 662 356 et
676 338 699 356 U.
715 337 728 355 I.
743 338 844 356 Notarius.

326 392 696 406 ψ

178 438 215 466 EX
232 438 256 466 S.
268 437 368 466 CONGR.
384 437 584 495 EPISCQPRRUM
600 437 640 466 ET
656 437 846 470 REGULARIUM

176 518 318 535 Ravana-ntur
329 518 381 535 vota.
394 518 492 539 simplicia
503 518 647 539 Religio-arum
654 521 705 538 quac
712 518 800 538 tempore
812 522 846 534 no-

219 544 303 562 viti-tus
314 545 402 562 habituum
413 544 514 565 religioni:
525 548 565 562 non
576 544 685 566 gestarunt.

258 589 369 608 Bean‘ssime
383 590 446 610 Pater,

218 634 330 653 Procurator
352 634 448 659 generalis
462 634 618 659 congregationis
635 634 737 653 SSrnorum
754 635 847 654 Cordium

177 669 196 684 et
210 665 333 683 Adorationis
347 666 459 689 Perpetuae,
474 665 533 690 vulgo
546 665 568 684 dc
581 665 658 689 Pz'cpus,
673 665 796 684 humilissime
815 672 847 684 ex-

177 697 230 721 ponit
244 696 307 721 plures
317 696 416 721 religiosas
430 697 522 715 foeminas
536 703 581 715 suae
596 692 757 722 congregationis.
770 697 788 715 in
804 697 847 716 mis-

176 728 262 746 sionib'us
276 727 373 747 Oeeaniae
383 727 523 749 adlabonmtes.
532 734 640 752 numquam,
652 728 732 747 durante
746 729 845 750 novitiatu,

177 759 261 777 habitum
275 763 372 783 gestasse;
388 759 435 777 alias
449 759 558 783 frequenter
574 759 674 778 demisisse
688 766 723 784 pro
737 764 847 784 temporum

176 794 195 808 et
204 789 289 808 locorum
303 791 452 814 opportunitate.
464 796 501 808 non
516 790 617 815 ignorante
631 794 695 809 tamen
706 790 759 809 lllmo
769 791 847 810 Vicario

177 821 295 846 Apostoiico.
311 822 375 845 Quum
385 826 449 840 autem
464 821 542 840 dubium
553 822 660 846 nuperrime
674 826 736 840 ortum
746 822 770 840 sit
779 822 803 840 de
816 828 848 841 ea-

177 853 263 871 rumdem
278 859 363 871 sororum
378 852 501 877 professionis
515 852 618 874 validitate,
629 853 704 872 humilis
717 857 782 872 orator
795 853 847 872 effla·

177 884 226 909 girat
240 888 260 902 ut
274 884 369 903 Sanctitas
383 884 452 903 Vestra
473 884 565 902 revalidet
578 888 611 902 aut
625 884 687 903 valida
701 884 785 903 declaret
801 889 847 904 vota

177 915 269 939 simplicia
289 919 380 940 perpetua
394 921 406 933 a
420 914 514 940 religiosis
533 915 620 934 foeminis
636 916 698 934 dietae
713 916 847 941 congregatiu—

178 947 207 965 nis
221 947 239 965 in
250 946 346 965 Vicariatu
356 946 469 971 Apostolico
482 946 625 965 Sandsvichien.
641 947 660 965 in
672 947 759 966 Oceania.
773 953 847 966 moran-

177 978 228 996 tibus
237 978 312 999 emissa,
323 977 367 996 lieet
377 982 463 1002 tempore
474 978 576 997 novitiatus
585 978 671 997 habiturn
686 978 797 1003 religiosum
807 985 846 997 non

177 1009 300 1034 gestaverint.

218 1041 243 1059 Et
257 1041 316 1062 Deus.
331 1045 367 1059 etc.

217 1072 290 1097 Vigore
309 1072 419 1097 specialium
438 1072 547 1091 facultatum
566 1078 577 1091 a
591 1072 651 1091 55:510
671 1072 755 1091 Domino
774 1072 846 1091 Nostro

177 1109 311 1122 concessarum
325 1103 344 1121 S.
360 1103 493 1128 Congregatio
510 1103 600 1122 Emorum
615 1110 637 1122 ac
651 1104 744 1122 Rmorum
758 1104 777 1122 S.
788 1104 811 1123 R.
822 1104 844 1122 E.

178 1134 307 1153 Cardinalium
322 1134 405 1159 negotiis
419 1139 438 1153 et
452 1134 622 1153 consultationibus
632 1134 771 1159 Episcoporum
781 1139 801 1153 et
810 1135 846 1153 Re-
