921 1304
184 59 189 69 ι
194 55 212 69 30
480 55 552 69 Allocun‘o

182 109 253 128 scholis
267 100 387 130 adnituntur:
403 113 435 128 aut
449 109 562 128 commentis
576 109 711 133 promissisque
724 108 854 127 multitudines

183 141 249 160 irretiri
272 140 321 159 male
341 144 416 162 cautas,
432 140 522 167 opificum
542 141 664 165 praesertim,
682 144 702 159 et
717 140 742 159 ab
756 139 854 158 Ecclesiae

183 172 249 190 matris
263 171 363 196 complexu
384 172 486 196 seiungere
507 167 604 191 conantur.
625 172 696 190 Paratis
710 171 777 196 igitur,
794 171 855 190 immo

184 203 235 222 omni
249 203 291 222 nisu
306 203 465 222 contendentibus
479 209 533 221 sacra
551 202 663 228 civilemque
678 209 717 221 rem
732 203 751 221 in
765 202 854 227 gravissi-

184 234 220 252 mis
233 234 284 252 vitae
298 234 402 259 generibus
416 234 491 255 adoriri,
502 240 525 252 ea
534 234 589 252 vobis
603 234 710 252 obiicienda
725 233 765 252 sola
779 237 809 252 est
818 234 853 255 vis,

183 271 238 290 quae.
250 269 270 284 ut
284 265 343 290 probe
357 265 404 284 estis
417 265 485 285 intuiti.
498 271 592 284 consensu
607 265 747 289 concordiaque
761 265 854 290 gignitur.

182 297 201 315 A
216 297 278 315 Nobis
292 301 384 321 quantum
398 300 433 317 est.
449 296 576 319 hortationem
590 297 680 315 habetote
694 303 718 315 ex
730 296 798 315 intimo
812 303 855 320 pro-

182 328 275 347 deuntem
290 328 357 349 corde.
375 334 398 346 ne
413 328 490 352 quando
510 328 601 346 victoriae
615 327 696 352 gloriam
715 327 854 351 utilitatemque

185 365 227 378 cum
242 359 336 378 dedecore
350 359 448 377 deseratis.
464 359 484 377 Si
494 359 554 380 vobis,
564 359 616 383 quod
630 363 682 377 certo
696 359 823 383 percepimus,
834 362 855 377 et

184 391 290 409 animorum
304 395 324 409 et
337 390 388 409 vitae
403 390 508 414 praesentis
521 394 565 408 sunt
579 389 631 408 cordi
645 389 781 410 emolumenta.
794 389 855 408 multo

185 422 245 440 maior
255 427 312 446 quarn
322 420 363 443 illis,
374 425 404 440 est
416 421 524 440 adhibenda
534 421 552 439 in
562 421 678 440 decertando
693 421 795 442 contentio.
806 427 856 445 quos

185 459 243 471 unurn
258 452 315 477 idque
330 459 387 477 saepe
402 453 555 471 commenticium
565 453 620 471 huius
632 453 674 471 aevi
683 452 804 471 commodum
815 459 855 471 mo-

184 488 220 503 vet-
237 484 320 502 Summis
329 488 393 502 autern
408 483 526 505 utilitatibus,
537 490 587 508 quae
597 484 684 508 proximo
694 487 738 502 sunt
752 489 856 508 assequen-

183 515 219 534 dae
234 516 352 540 congressui,
368 515 429 533 minus
450 515 539 539 equidem
556 521 599 534 esse
617 519 681 539 apmm
696 514 807 533 industriam
821 515 855 533 hu-

185 553 261 566 manam
275 546 404 571 intelligimus.
416 546 450 564 nisi
461 546 525 564 divina
535 546 593 565 etiam
603 550 679 570 praesto
691 546 729 564 sint
738 546 852 564 adiumenta.

184 578 209 596 Iis
223 582 325 602 propterea
340 577 429 602 singulis,
444 577 476 602 qui
491 577 576 602 parando
590 577 691 596 conventui
706 577 753 595 dant
769 583 854 601 operam,

184 609 314 633 universisque
328 608 430 629 catholicis,
442 608 474 633 qui
484 608 626 633 congressionis
641 609 742 632 participes
756 612 817 629 erunt,
827 608 854 626 lu-

184 640 255 659 minum
271 640 376 664 viriumque
390 639 500 658 caelestium
514 640 589 664 copiam
599 639 729 664 deprecamur,
741 639 856 664 gratiaeque

184 672 287 696 auspicem,
298 671 423 695 eamdemque
433 671 514 689 indicem
529 671 592 692 studii,
605 671 654 689 unde
667 677 759 695 personas
772 671 855 689 labores—

184 709 221 727 que
229 707 294 721 coetus
304 702 441 727 prosequimur.
451 702 582 726 Apostolicam
593 702 745 721 benedictionem
755 708 856 726 peraman—

184 738 213 753 ter
226 734 245 752 in
260 734 344 753 Domino
359 734 484 758 impertimus.

224 765 295 783 Datum
305 765 380 783 Rornae
394 765 445 789 apud
459 765 478 783 5.
490 765 573 787 Petrum,
587 766 618 783 die
633 771 667 784 vm
677 765 768 784 Octobris
778 771 855 786 ucnvn,

184 796 308 815 Pontificatus
322 796 385 815 Nostri
401 802 451 815 annu
466 797 539 821 quinto.

449 835 504 854 PIUS
519 835 553 853 PP.
569 835 588 853 X

431 928 607 948 ALLOCUTIO

198 968 261 990 Quam
272 969 303 985 dle
316 972 336 989 13
348 968 448 986 Februarii
461 968 507 990 19⁰8
519 969 565 986 Pius
576 969 596 985 X
607 969 675 986 habult
688 969 714 986 ad
726 969 843 987 Orientalos.

225 1013 360 1038 Ringraziamo
374 1014 482 1032 vivamente
497 1014 536 1035 Lei,
552 1014 623 1039 Signor
637 1014 738 1033 Cardinale
752 1021 763 1033 e
774 1021 810 1033 con
818 1014 855 1034 Lei

185 1044 212 1069 gli
226 1045 293 1069 egregi
307 1044 339 1063 del
353 1044 450 1063 Comitato
471 1044 501 1069 pel
516 1045 576 1064 molto
589 1045 624 1064 che
638 1045 701 1064 fecero
722 1046 772 1064 onde
786 1046 858 1064 render

186 1075 285 1100 splendide
299 1075 317 1095 le
331 1076 378 1095 feste
393 1076 476 1100 quindici
490 1076 541 1095 volte
555 1077 664 1096 centenarie
679 1076 722 1096 dell'
731 1077 807 1102 insigne
821 1077 856 1096 Pa-

186 1107 219 1126 dre
233 1113 244 1125 e
259 1107 329 1126 Dottor
350 1107 399 1126 della
414 1108 485 1126 Chiesa
498 1108 517 1126 S.
533 1108 628 1127 Giovanni
642 1108 773 1131 Grisostomo,
793 1115 804 1127 e
818 1115 855 1127 eon

186 1138 223 1157 Voi
237 1139 364 1163 ringraziamo
378 1139 390 1157 il
401 1139 516 1158 Venerando
531 1139 626 1158 Patriarca
640 1146 651 1158 e
665 1140 708 1158 tutti
723 1140 750 1165 gli
764 1140 806 1159 altri
818 1140 858 1159 Ve-
