921 1304
172 48 190 62 74
382 44 407 58 Ex
418 44 432 58 S.
442 44 561 63 Congregatiune
570 43 633 58 aoncilii*

171 96 248 115 maioris
262 96 298 115 loci
313 96 396 115 Lamalle
409 97 510 120 impositae
520 97 594 115 fuerunt
604 101 642 115 tres
652 102 727 115 annuae
737 100 842 120 perpetuae

171 127 279 152 pensiones.
290 133 339 152 quae
354 127 410 146 hodie
420 128 444 146 ad
454 127 527 146 libellas
537 134 575 151 920
586 127 640 146 simul
653 127 763 148 ascendunt.
780 134 789 144 ‹
800 133 842 145 ero-

171 159 247 183 gandae
262 159 313 178 omni
328 165 379 177 anno
392 159 416 177 de
431 159 497 180 nitido,
508 159 602 177 immunes
611 163 630 177 et
640 162 741 183 exemptae
750 158 775 177 ab
789 158 842 177 omni

171 194 191 208 et
204 196 325 215 quocumque
340 190 435 209 ordinario
445 194 465 208 et
474 190 625 209 extraordinario
634 194 674 209 tam
685 190 774 215 imposito
783 195 841 213 quam

171 222 289 245 imponendo
302 228 361 240 onere
370 229 388 243 ›,
404 222 468 240 favore
482 222 539 240 trium
553 222 684 246 paroeciarum
694 221 743 240 inter
752 227 800 245 quas
813 226 843 238 re-

172 257 260 271 censetur
278 253 367 277 paroecia
386 253 448 271 Castri
466 253 555 277 Ugoniae
572 252 631 277 vulgo
652 252 714 271 Castel
725 252 840 276 d'Agvgma.

172 284 234 308 Super
248 284 339 308 pensione
354 289 417 302 tamen
432 284 496 302 debita
510 284 594 308 parocho
608 284 671 302 Castri
686 283 774 308 Ugoniae
788 283 806 301 in
821 283 842 301 li<

172 315 225 333 bellis
237 321 280 339 230,
290 315 452 339 quemadmodum
462 321 518 339 super
528 314 568 333 aliis
578 315 652 334 duabus
661 311 790 339 pensionibus,
803 314 841 332 iam

172 346 260 370 imposita
275 346 308 364 suit
322 352 334 364 a
346 346 444 365 Gubernio
454 350 498 365 taxa
508 347 534 365 sic
544 350 612 365 vocata
621 346 644 364 di
651 352 706 364 mano
715 349 781 366 morta,
792 351 842 370 quae

172 377 190 396 in
204 377 272 396 libellis
290 384 318 398 11,
335 383 359 401 70
374 378 429 396 Fisco
439 378 583 402 persolvebatur
592 384 603 396 a
616 378 667 396 dicto
681 377 765 402 parocho
778 377 842 396 Casti-i

172 409 266 433 Ugoniae,
277 409 311 427 sed
321 409 396 428 videtur
405 410 422 428 ei
432 409 494 428 refusa
508 415 584 434 semper
593 409 650 427 fuisse
660 415 671 427 a
680 409 765 433 parocho
775 408 842 433 oppidi

172 440 257 461 Lumelli,
273 441 360 464 quamvis
379 441 414 462 hic,
429 447 498 465 nempe
512 441 602 459 sacerdos
617 440 726 461 Precerutti,
739 440 842 464 aliquando

171 471 236 490 fecerit
250 472 397 496 oppositionem.
412 472 452 490 Sub
467 472 523 490 finem
537 478 554 490 a.
574 477 620 495 1901
637 472 708 492 Fiscus.
724 471 766 490 loco
776 471 842 490 tributi

173 509 239 520 manus
255 507 346 524 mortuae,
366 504 478 527 pensionem
495 503 559 521 favore
578 502 655 527 parochi
673 502 735 521 Castri
752 502 842 527 Ugoniae

171 534 259 558 gravavit
272 534 309 553 alia
323 538 374 555 taxa,
389 540 446 558 quarn
460 539 529 552 vocant
543 534 566 552 di
578 534 671 552 rici-hena
685 534 750 552 mobile
762 534 780 552 in
790 533 843 551 libel-

171 565 194 583 lis
209 571 240 589 35,
257 567 287 589 5⁶·
303 566 338 584 Pro
353 566 408 584 huius
422 569 479 584 taxae
497 565 634 584 exoneratione
652 571 703 584 anno
724 571 771 588 1902
789 565 842 589 apud

171 596 220 615 hane
235 597 253 614 S.
270 597 291 615 C.
307 602 403 615 recursum
413 596 480 615 obtulit
494 596 544 615 idem
559 596 668 617 Precerutti,
684 596 801 615 contendens
815 595 842 614 ad

171 627 258 646 eamdem
274 627 383 646 solvendam
399 628 458 646 teneri
473 628 575 652 parochum
591 627 738 651 pensionarium.

211 659 285 678 Eodem
306 664 370 678 autern
384 666 435 678 anno
449 666 460 678 e
474 659 522 678 vivis
543 663 610 683 erepto
631 659 715 683 parocho
730 659 841 680 Precerutti,

170 691 188 710 ei
203 691 295 709 successit
309 691 421 716 Francisqus
436 691 541 709 Carnevale
563 691 636 711 Mattei.
651 691 689 714 qui,
704 691 790 715 vestigiis
811 690 841 709 sui

172 722 324 746 praedecessoris
338 722 432 743 insistens,
447 728 476 740 an.
496 728 543 745 ¹905
559 722 644 740 eiusdem
659 728 720 740 novae
741 726 797 740 taxae
811 728 843 740 so-

171 753 263 772 lutionem
277 753 385 778 denegavit.
401 753 466 777 Quare
480 753 547 771 iterum
563 759 593 771 res
607 753 631 771 ad
645 753 693 771 hanc
708 753 726 771 S.
740 753 761 771 C.
777 753 843 771 delata

171 784 210 805 suit,
221 789 240 803 et
250 784 306 803 hodie
321 789 385 809 partes
398 785 470 803 instant
484 789 504 802 ut
515 784 622 803 declaretur
636 790 647 802 a
657 790 740 808 quonam
755 784 841 808 parocho

171 816 275 840 praefatum
290 822 338 834 onus
353 816 377 834 sit
391 816 528 834 sustinendum.

212 846 377 872 Allegationes.
391 847 487 865 Paroehus
501 847 566 871 oppidi
580 847 641 865 Castri
656 846 745 871 Ugoniae
759 847 784 866 ad
798 853 842 871 pro-

172 878 255 896 bandum
269 878 304 896 sibi
321 878 415 903 integram
431 879 542 902 pensionem
556 878 622 896 deberi
637 878 708 902 absque
722 877 841 896 detractione

171 909 267 933 praefatae
286 913 348 930 caxae,
363 909 429 927 recolit
443 909 461 927 in
483 909 548 933 primis
562 914 586 927 ea
602 915 651 933 quae
666 908 771 927 Concilium
786 908 839 927 Trid.

171 942 218 964 (cap.
232 946 262 963 15,
276 947 317 959 sess.
333 946 359 965 24
373 940 394 958 dc
408 940 491 964 raefhrm)
506 940 572 958 statuit
586 940 636 958 cirea
654 946 759 964 congruam
774 940 840 958 dotem

171 972 303 997 parochorum,
319 976 339 990 ut
353 978 376 990 ea
391 978 458 996 nempe
473 972 548 996 integra
562 976 581 989 et
596 971 651 989 nullis
671 971 794 995 pensionibus
808 971 841 989 ob-

172 1003 229 1021 noxia
244 1008 334 1024 maneret,
350 1003 365 1021 si
380 1003 420 1021 eius
434 1003 506 1021 reditus
520 1009 613 1021 summam
631 1008 667 1020 100
681 1002 798 1023 ducatorum,
812 1008 841 1020 se—

171 1035 254 1053 cundum
276 1041 341 1053 verum
359 1041 442 1053 annuum
464 1034 557 1055 valorem,
574 1041 611 1053 non
632 1034 754 1053 excederent.
769 1034 842 1053 Secuta

171 1066 270 1085 eversione
285 1066 406 1090 proprietatis
423 1065 569 1087 ecclesiasticae.
590 1070 608 1083 et
627 1065 761 1083 beneficiorum
778 1065 843 1083 rediti-

172 1097 207 1115 bus
221 1098 330 1118 imminutis,
346 1098 403 1116 Sacra
418 1097 550 1122 Congregatio
565 1097 604 1115 EE.
616 1101 635 1115 et
645 1096 685 1115 RR.
698 1096 776 1115 decreto
793 1096 843 1114 Cum

172 1130 288 1153 nuperrimis
297 1129 335 1148 diei
348 1130 370 1147 28
382 1129 419 1147 Ian⁴
434 1129 480 1152 1871
494 1135 533 1147 rem
544 1128 679 1147 moderandam
689 1128 764 1146 censuit
773 1134 807 1152 pro
817 1127 843 1146 iis
