921 1304
362 60 457 79 Viglevanaem
720 63 728 78 7
731 64 739 77 7

68 114 103 132 stri
118 113 207 138 Ugoniae
228 117 333 132 recuratur
347 113 372 132 ad
386 113 498 132 tenuitatem
520 113 591 132 reditus
612 119 658 131 suae
675 119 739 137 paroe-

67 145 121 166 ciae;
137 151 180 164 nam
195 151 238 163 cum
253 145 268 163 is
282 145 375 163 consistat
388 145 407 163 in
421 144 490 163 annuis
504 144 571 163 libellis
589 150 644 168 1354,
652 144 740 163 deductis

67 176 165 198 oneribus,
180 176 279 195 habendus
300 180 329 195 est
350 176 396 194 satis
417 176 512 195 sufficiens
533 175 557 194 ad
577 180 659 194 mentem
679 175 739 194 Cone.

67 207 129 229 Trid.,
145 208 196 232 quod
210 213 316 232 congruam
330 207 457 231 parochorum
472 207 490 225 in
505 213 578 225 summa
599 206 657 232 longe
672 207 739 226 minori

67 238 119 257 idest
133 239 152 257 in
166 238 240 257 ducatis
258 244 294 257 roo
309 238 420 263 praefinivit.

109 270 130 288 In
141 270 181 289 iure
195 276 241 289 vero
251 270 335 288 recolere
346 273 432 294 praestat
446 270 563 294 pensionem.
574 270 599 288 de
608 275 646 294 qua
656 269 674 287 in
686 275 737 290 casu,

67 307 107 320 non
122 307 165 320 esse
179 307 243 320 veram
258 301 372 326 pensionem
386 301 404 319 in
419 307 476 319 sensu
491 301 545 322 iuris,
560 301 594 319 sed
609 301 672 325 potius
686 301 740 320 effor-

68 338 121 351 mare
135 337 210 357 partem
229 333 332 351 dotationis
351 333 450 357 paroeciae
465 332 528 351 Castri
543 332 643 357 Ugoniae‚
658 339 701 351 cum
716 332 740 351 sit

67 368 162 388 perpetua
176 364 282 388 assignatio
298 364 317 382 in
331 363 372 382 eius
387 364 476 383 favorem.
492 364 566 382 Revera
580 368 684 388 conceptus
695 369 740 388 pen-

66 395 129 413 sionis
149 395 239 419 importat
260 395 415 419 preearietatem;
430 394 474 413 hine
488 401 512 413 ea
528 395 565 413 dici
580 394 629 413 solet
646 401 690 419 pars
704 394 740 413 sru-

65 430 131 444 ctuum
142 426 229 444 beneficii
239 426 262 444 ad
273 431 354 450 tempus,
366 432 403 444 non
413 426 432 444 in
442 430 554 450 perpetuum
565 430 658 450 separata.
674 426 739 449 Quare

66 457 154 476 Barbosa
168 457 238 481 aliique
253 457 342 475 doctores
357 463 399 475 eam
414 457 533 476 conserentes
547 463 590 475 cum
609 457 706 475 beneficiis
720 461 740 475 et

66 488 94 507 de
104 489 171 507 horum
181 488 308 513 perpetuitate
318 489 448 513 disceptantes
457 488 505 512 (Csr.
513 488 563 506 Atta
573 488 595 507 S.
604 488 664 509 Sedis,
674 488 711 506 vol.
720 489 738 509 8,

65 525 113 544 pag.
126 519 172 544 716)
183 520 229 538 haec
240 519 324 538 tradunt:
344 527 354 537 ι
364 520 398 538 Per
408 520 444 538 hoc
453 520 515 538 differt
525 519 638 538 beneficium
648 520 739 538 essentia-

66 550 111 569 liter
124 557 136 569 a
150 551 253 575 pensionm
272 551 324 575 quod
342 551 409 575 pensio
424 557 461 569 non
476 551 571 569 confertur
586 551 604 569 in
619 555 737 575 perpetuum,

66 582 102 600 sed
117 582 237 601 solummodo
251 582 275 600 ad
287 582 345 600 vitam
360 583 439 607 gravati,
449 582 480 600 vel
494 582 518 600 ad
533 588 627 601 summum
642 582 666 600 ad
679 582 738 601 vitam

66 613 182 637 pensionati,
192 619 254 637 eoque
269 617 344 632 mortuo
358 618 420 632 cessat
433 618 453 632 et
467 613 590 638 extinguitur.
604 613 620 631 E
634 617 700 632 contra
714 613 738 631 de

66 644 155 663 beneficii
170 644 292 663 ecclesiastici
303 648 370 663 natura
381 649 410 663 est
420 649 446 666 ut,
457 644 516 663 semel
526 644 611 669 legitime
625 644 737 666 institutum,

66 680 162 700 perpetuo
176 676 241 694 duret:
257 676 307 694 unde
321 676 374 695 obitu
395 676 502 694 beneficiati
517 682 554 694 non
571 676 689 701 extinguitur
707 681 739 694 ne-

64 713 105 731 que
125 711 197 728 cessat,
213 707 247 725 sed
265 707 334 725 dicitur
354 713 421 726 vacare
439 707 501 725 donec
516 713 589 726 rursum
610 707 640 725 alii
655 706 738 726 confera-

65 742 98 756 tur
107 745 125 756 ι.
146 738 213 762 Neque
235 738 333 763 negotium
342 738 423 765 *facessit
436 738 488 763 quod
503 738 610 757 huiusmodi
632 738 738 763 assignatio

65 769 132 787 favore
142 769 242 793 paroeciae
252 769 314 787 Castri
325 769 413 794 Ugoniae
427 770 533 794 appelletur
547 770 615 794 pensio
629 769 647 788 in
660 769 738 788 decreto

65 800 133 818 curiali
147 806 177 818 an.
195 801 253 823 1807:
274 806 317 818 nam
332 806 370 819 non
385 805 413 819 est
427 801 455 819 vis
471 801 488 818 in
504 801 585 822 nomine,
603 800 680 825 quando
694 806 738 819 con-

65 834 105 849 stat
119 830 144 849 de
157 837 186 852 re,
201 835 221 850 et
235 832 279 850 inde
297 832 410 850 vocabulum
427 832 493 856 pensio
507 832 571 856 potius
585 838 641 850 sensu
663 831 702 850 lato
719 835 739 850 et

66 862 172 886 improprio
187 867 293 887 usurpatur,
309 864 372 887 prouti
393 863 450 882 etiarn
466 864 526 882 tenuit
541 863 591 882 Rota
605 863 624 881 in
638 863 676 881 sere
695 869 739 881 con>

66 893 124 912 simili
142 900 187 912 casu
202 894 271 917 (Dacis.
287 899 327 915 121,
342 901 361 912 n.
376 899 391 915 1,
405 897 449 918 par.
465 900 488 913 ιο
503 894 524 913 in
538 895 627 917 Rama).
644 894 689 917 Quo
703 900 738 918 po-

66 925 111 945 sito,
122 924 167 942 illud
177 925 300 949 consequitur
314 925 331 943 in
347 925 430 944 themate
445 932 483 944 non
498 931 555 949 posse
569 925 660 950 applicari
675 925 738 949 dispo-

65 955 147 973 sitiones
160 956 243 974 sancitas
257 956 275 974 in
290 956 368 974 decreto
385 956 431 975 Cum
446 956 568 980 nuptrrimis.
587 956 629 975 Hoe
642 956 694 974 enim
706 956 738 974 de-

65 990 139 1005 cretum
154 993 196 1006 sese
210 991 283 1006 tanturn
297 988 384 1006 extendit
397 988 422 1011 ad
436 994 491 1006 veras
513 988 620 1012 pensiones,
636 988 663 1006 uti
679 988 737 1006 etiam

65 1018 139 1037 eruitur
153 1019 209 1037 fuisse
224 1019 309 1037 decisum
324 1025 335 1037 a
350 1019 369 1037 S.
380 1019 403 1037 C.
413 1019 452 1037 EE.
465 1024 484 1038 et
498 1020 539 1038 RR.
550 1020 569 1038 in
583 1020 665 1044 quadarn
680 1025 738 1038 causa

65 1049 105 1067 diei
124 1050 148 1067 28
167 1050 212 1068 Maii
235 1051 293 1073 1875,
309 1050 369 1069 relata
390 1050 408 1068 in
430 1050 552 1074 ephemeride
570 1051 622 1069 Acta
639 1051 659 1069 S.
676 1050 737 1070 Stdis,

65 1080 104 1100 vol.
119 1081 137 1102 8,
152 1087 197 1105 pag.
214 1082 310 1104 708-719.
334 1081 381 1099 Item
402 1087 445 1100 cum
466 1081 517 1100 dicta
532 1082 637 1107 assignatio
652 1082 738 1100 efformet

67 1116 142 1136 partem
156 1112 207 1130 dotis
222 1117 338 1131 memoratae
353 1112 459 1137 paroeciae,
470 1119 493 1131 ea
508 1113 589 1137 spectari
604 1113 662 1131 debet
676 1117 696 1131 ut
706 1113 738 1131 bo-

66 1149 112 1161 num
128 1143 186 1167 ipsius
207 1143 344 1168 patrimoniale.
360 1144 441 1168 ideoque
463 1143 518 1162 sicuti
532 1150 600 1163 omnes
613 1148 670 1162 taxae
688 1150 737 1168 quae
