921 1304
190 47 217 61 ηδ
441 47 468 61 Ex
481 47 555 61 Vicariatu
568 47 612 62 Urbis

366 118 405 147 EX
421 118 577 148 VICARIATU
593 119 676 148 URBIS

507 164 588 177 μ

448 212 595 232 DECRETUM

189 259 232 282 Quo
244 260 264 277 in
272 260 323 277 Urbe
331 261 444 281 prohibetur
451 261 528 278 llbeuun
535 261 644 282 venedicus
657 261 667 270 ‘⁴
672 261 728 278 Nova
736 262 756 278 et
763 261 832 278 vetera
840 273 856 282 „.

229 308 313 327 Libellus
327 309 435 333 periodicus
450 315 526 331 recens,
546 309 576 328 cui
595 308 660 328 titulus
680 309 736 327 Nava
753 312 770 328 st
788 312 856 330 vetera,

193 347 202 357 ‹
212 340 285 358 Rivista
299 340 432 364 quindicinaie,
448 340 519 361 Roma,
539 340 615 359 Societa
634 339 781 359 intemazionale
798 340 857 359 scien-

189 371 340 396 tifico-religiosa
349 378 367 392 »ς
383 370 425 390 eum
440 372 476 390 sibi
491 372 612 396 proposuerit
625 371 722 390 doctrinas
734 371 858 390 modernista-

189 408 236 423 rum,
252 408 313 426 nuper
326 403 350 421 ab
365 402 451 421 Ecclesia
465 403 569 424 damnatas.
585 402 693 424 defendere,
705 402 856 427 novissimasque

190 433 290 458 opiniones
304 434 374 452 audeat
388 434 477 452 invehere
493 433 598 452 catholicae
612 434 686 452 veritati
701 433 771 458 parioer
789 433 857 452 adver-

190 469 263 487 santes;
279 465 325 486 Nos,
341 471 376 490 pro
391 471 469 484 munere
483 471 522 489 quo
536 465 637 490 fungimur,
652 464 707 483 saluti
721 465 827 483 animarum
838 464 857 483 fi-

189 496 258 521 deique
273 496 397 515 incolumitati
411 496 521 521 prospicere
537 496 629 517 volentes.
649 496 741 517 eundem,
761 496 858 515 ordinaria

189 528 314 549 auctoritate,
334 527 457 552 prohibemus
475 532 495 546 et
514 527 654 552 proscribimus,
669 532 727 551 atque
741 527 857 551 prohibitum

189 563 209 577 et
223 559 349 583 proscriptum
364 558 488 578 declaramus.

230 590 292 609 Nemo
307 590 350 609 ideo
365 596 408 609 eum
423 590 519 614 imprimat
532 590 562 608 vel
577 590 658 615 imprimi
672 590 733 611 saciat,
747 596 804 609 nemo
813 596 858 608 ven-

189 621 223 639 dat
237 625 270 639 aut
283 621 341 646 legat.
357 621 376 639 Si
391 627 446 640 secus
460 621 503 645 quis
516 621 587 643 fecerit,
603 621 618 639 is
633 622 706 640 noverit
719 621 804 646 graviter
813 627 858 645 pec—

190 659 249 671 casse.
265 653 366 672 Praeterea
380 652 442 671 cleriei
457 653 548 677 cuiusque
557 652 634 674 ordinis,
646 653 677 677 qui
687 652 785 677 periodico
794 652 857 671 eidem

191 690 212 702 se
226 684 341 706 consocient,
358 684 388 703 vel
405 684 420 702 si
437 684 474 702 iam
489 684 650 703 consociationem
664 684 748 705 fecerint,
763 684 858 708 quampri-

191 721 243 733 mum
256 721 299 734 eam
314 721 352 734 non
367 719 475 737 retractent,
486 715 573 734 noverint
583 721 603 734 se
613 715 758 740 suspensionem
768 721 779 733 a
788 715 858 733 divinis

190 746 232 770 ipso
246 746 296 765 sacto
311 746 415 765 incurrisse.

231 777 302 796 Datum
318 778 397 799 Romae,
412 778 443 796 die
458 778 482 796 28
498 778 578 797 ianuarii
596 779 650 801 1908.

344 827 419 846 Pis-raus
428 827 527 848 Rsssrmm,
545 827 601 845 Card.
622 827 715 845 Vitan'us.

455 862 567 881 Franciscus
582 861 628 880 Can.
644 861 718 883 Faberi,
734 861 856 880 Secratan‘us.
