921 1304
180 47 207 60 κη
384 43 409 58 Ex
420 43 435 58 s.
445 44 565 63 angi-egam„
577 44 638 58 enacim

176 96 255 116 stolicus
269 98 360 116 maturius
373 102 419 123 agat
432 102 453 117 et
466 98 553 117 consulat
570 104 648 117 necesse
665 103 696 117 est
712 105 758 118 suos
773 99 847 118 minin-f

177 128 241 147 narios
256 135 330 148 necnon
344 129 434 148 finitimos
448 129 536 148 Vicat-ios
545 129 669 154 Apostolicos
678 130 728 149 circa
740 129 848 155 intelligen—

177 159 223 177 tiam
237 163 257 178 et
271 159 418 184 applicationem
432 160 503 179 decreti
518 161 536 179 in
552 160 581 179 his
594 160 710 185 regionibus.
730 165 749 179 et
767 161 847 180 tandem

175 194 239 209 certas
252 195 272 209 et
285 191 310 209 ab
324 197 388 210 errore
407 192 501 210 immunes
520 192 654 211 instructiones
672 192 764 216 impertiri
782 192 847 211 valeat

177 226 218 240 tum
232 222 363 241 sacerdotibus
377 227 417 241 tum
431 223 518 242 fidelibus
532 229 578 242 suae
596 230 653 242 curae
672 223 784 243 commissis.
805 223 846 242 Sed

176 253 203 271 ob
217 253 327 272 distantiam
341 253 432 275 locorum.
447 254 577 273 difficultatem
591 255 664 273 viarum
678 259 698 273 et
706 255 845 279 dispersionem

177 283 267 305 fidelium,
282 285 314 303 vix
329 285 411 309 spatium
425 285 506 304 duorum
517 292 610 304 annorum
625 286 681 305 nobis
691 286 760 304 sufficit
773 286 797 305 ad
812 292 845 310 pu-

178 314 299 335 blicationem
314 320 333 335 et
347 316 440 342 integram
456 316 630 342 promulgationem
644 317 688 336 dicti
703 317 774 336 decreti
785 317 847 342 probe

177 346 272 365 enucleati
282 355 300 366 ».

218 378 305 397 Vicarius
314 379 438 403 Apostolicus
448 379 513 398 Ce-Li
523 379 747 398 Meridio-Occidentalis
762 379 848 404 postulat

177 410 334 435 prorogationem
348 410 419 429 decreti
434 417 495 435 usque
508 411 533 429 ad
544 411 615 429 Pascha
625 411 669 429 anni
682 417 737 434 1909-
753 411 802 430 Nam
812 411 846 430 ob-

177 445 242 459 servat
255 441 306 465 quod
316 441 335 460 in
345 441 424 466 irnperio
434 442 510 460 Sinensi
527 449 536 459 ‹
546 442 580 461 des
594 441 695 460 difficultes
706 448 727 460 se
737 446 847 461 rencontrc-

177 476 221 490 ront
234 472 246 490 a
259 472 333 497 chaque
347 479 380 491 eas
393 473 418 491 de
432 473 523 497 disparite
539 473 563 492 de
582 473 644 492 culte:
670 475 692 492 1⁰.
708 480 756 497 pour
772 473 789 492 la
804 473 844 498 pre-

177 510 234 522 sence
252 504 278 522 du
298 505 372 528 pretre;
396 507 421 524 2⁰.
441 511 489 529 pour
507 504 582 523 obtenir
598 504 616 523 le
630 508 774 523 consentement
787 504 812 523 de
826 504 847 523 la

177 535 238 559 partie
252 542 345 560 payenne.
357 536 437 554 Comme
447 535 465 554 le
474 539 527 554 texte
536 536 560 554 de
569 535 647 554 l'article
657 535 684 554 XI
694 535 815 560 paragraphe
826 537 845 553 2²

176 565 203 584 du
217 566 281 585 decret
295 567 328 585 i'ait
341 567 418 591 esperer
432 567 476 591 qu’il
491 573 503 591 y
518 573 563 585 aura
577 567 611 585 des
623 566 735 591 exceptions
749 572 797 590 pour
806 572 846 584 cer—

177 597 238 616 taines
253 598 330 623 regions
343 598 385 616 nisi
393 601 430 622 pro
439 598 504 623 aliquo
511 598 630 622 particulari
638 598 673 616 loco
682 600 717 616 aut
726 598 800 622 regiam
808 597 845 615 ali-

175 631 206 646 ur
218 635 230 647 a
245 629 265 647 S.
282 629 327 648 Sede
341 630 367 648 sit
379 632 478 650 statutum,
490 629 539 654 j'ose
551 629 627 654 esperer
636 628 727 654 qu'avant
736 629 810 653 Paques
819 628 846 647 de

177 659 214 678 l'an
232 661 286 683 1908,
303 667 351 679 nous
365 667 435 679 aurons
450 667 494 684 recu
509 667 557 685 pour
570 667 603 679 ees
618 660 712 685 mariages
727 660 747 678 in
761 659 846 684 dispari>

175 693 213 709 lau
226 691 287 710 cultus
301 698 326 710 un
341 695 400 710 statut
414 692 522 716 particulier
541 692 552 710 a
571 698 606 710 nos
625 692 713 710 missions
732 692 756 710 de
775 691 844 710 Chine.

176 722 195 740 Si
210 722 228 741 le
242 722 260 741 S,
276 722 334 748 Siege
349 729 372 741 ne
387 723 464 741 statuait
479 723 518 742 rien
533 729 581 748 pour
595 727 649 741 notre
669 722 735 748 region
752 729 776 740 en
793 726 845 740 cette

177 754 261 775 matiere,
273 754 293 779 je
308 755 347 779 prie
362 754 493 773 humblement
507 755 566 773 Votre
581 754 685 773 Eminence
700 754 723 772 de
736 760 784 772 nous
798 753 845 771 faire

176 785 267 804 accorder
281 791 315 810 par
329 785 347 804 le
360 786 409 804 saint
418 786 465 804 Pere
474 786 503 804 les
512 786 611 810 dispenses
621 785 737 804 demandces
747 790 780 809 par
790 784 845 802 Mon>

176 816 266 842 seigneur
279 817 335 841 Jarlin
351 817 426 835 Vicaire
440 817 567 841 Apostolique
581 816 605 835 de
616 816 689 841 Peking
698 823 717 837 ι,
732 815 770 840 qui,
781 815 807 833 uti
818 815 845 833 in-

177 848 240 866 nuitur
253 848 311 866 etiam
326 848 344 866 in
360 848 410 866 Voto
425 848 549 869 Consukoris.
564 847 651 872 exposcit
661 847 767 866 facultatem
778 853 846 871 proro—

175 879 235 904 gandi
244 880 377 898 executionem
385 880 456 898 decreti
465 880 496 898 Νι
505 883 570 898 temere
580 885 639 903 usque
648 879 672 897 ad
681 878 753 897 Pascha
760 884 777 896 a.
787 883 843 901 1909.

216 910 279 930 Etiam
294 911 381 929 Vicarius
395 911 518 936 Apostolicus
533 910 631 935 Kiang-Si
650 909 808 934 Septentrionalis
824 909 843 927 in

175 942 226 961 Sinis
241 942 340 961 nonnullas
354 943 434 967 exponit
443 942 564 961 difficultates
573 946 593 960 et
602 941 729 962 incommoda,
740 947 789 965 quae
799 940 844 959 oriri

175 978 240 992 censet
253 980 278 992 ex
292 973 363 993 decreti
378 974 409 992 Ne
423 973 630 998 temerevapplicatione
644 973 663 991 in
681 978 716 991 suo
734 972 842 993 Vicariatu.

173 1012 231 1029 super
253 1005 323 1030 quibus
346 999 426 1029 aliisque
449 1004 542 1023 similibus
563 1004 656 1029 speciales
677 1003 811 1022 instructiones
832 1009 845 1021 a

175 1037 194 1055 S.
209 1036 259 1055 Sede
274 1037 365 1061 impertiri
380 1037 432 1061 petit.
448 1036 475 1054 At
489 1042 547 1060 quum
561 1036 585 1054 de
599 1035 652 1054 hisce
666 1035 729 1053 dubiis
738 1034 784 1053 alias
794 1035 845 1053 ratio

175 1068 263 1086 habenda
277 1068 306 1089 sit.
322 1068 365 1086 hinc
379 1068 466 1086 eiusdem
480 1067 550 1086 Vicarii
570 1067 660 1085 instantia
675 1066 798 1085 subordinata
812 1072 845 1084 ex-

175 1098 260 1120 hibetur,
279 1105 316 1123 qua
335 1099 383 1123 petit
402 1103 422 1117 ut
440 1099 528 1117 executio
548 1098 646 1117 memorati
665 1097 736 1116 decreti
755 1103 790 1121 pro
809 1103 844 1116 sua

175 1130 267 1149 Missione
281 1131 381 1149 dumtaxat
395 1136 406 1149 a
421 1130 513 1149 Paschate
528 1130 572 1148 anni
589 1135 638 1153 1909
652 1129 691 1147 vim
705 1128 754 1153 legis
772 1128 844 1147 habere
