921 1304
185 66 194 80 6
436 67 502 82 Litterae
512 68 604 87 Apostolicae

475 145 536 158 CAPUT
550 146 564 158 11

426 188 456 207 Da
469 188 516 207 clem
530 189 614 208 rathma.

225 241 266 259 Art.
282 241 305 259 X.
322 241 370 260 Cum
385 242 468 260 nondum
483 242 589 261 habeantur
603 243 712 262 sacerdotes
726 243 807 265 rutheni,
822 243 855 268 qui

184 272 213 291 vel
235 272 274 291 nati
288 272 317 291 vel
338 273 405 292 saltem
426 274 501 292 edueati
522 273 560 292 sint
579 274 596 292 in
616 274 730 293 Civitatibus
744 275 854 293 Foederatis

185 304 292 325 Americae,
308 304 415 329 Episcopus
425 305 499 323 rutheni
514 305 565 327 ritus,
580 306 657 330 praevia
671 306 796 331 intelligentia
811 313 854 324 cum

185 335 411 360 DelegatoAApostolicu
429 340 448 354 et
467 337 569 355 Ordinario
586 337 631 358 loci,
647 337 699 356 omni
717 337 780 356 studio
795 342 853 359 curet,

185 371 206 385 ut
215 367 337 386 seminarium
348 374 382 391 pro
392 368 464 386 clericis
479 368 563 387 ruthenis
572 368 591 387 in
602 368 668 387 iisdem
683 368 796 387 Civitatibus
807 369 855 387 Foe-

184 398 256 417 deratis
269 399 374 417 educandis
387 400 500 423 quantocius
514 400 627 418 instituatur.
644 400 720 418 interim
731 406 777 418 vero
791 395 854 419 clerici

184 430 259 449 rutheni
273 430 292 448 in
307 430 408 449 seminaria
422 430 480 449 latina
494 431 584 452 locorum,
599 432 618 449 in
632 432 701 456 quibus
716 432 753 450 nati
764 435 813 452 sunt,
824 430 854 450 vel

184 461 299 480 domicilium
314 461 459 486 acquisiverunt,
475 462 603 481 admittantur.
619 463 658 481 Sed
672 462 746 481 nonnisi
766 462 853 483 caelibes.

184 493 224 512 sive
239 499 288 511 nunc
303 493 343 511 sive
362 494 380 511 in
398 497 505 518 posterum,
520 494 544 512 ad
563 500 628 512 sacrus
642 493 725 512 Ordines
746 494 854 518 promoveri

185 529 280 549 poterunt.

225 556 266 575 Art.
283 556 315 575 XI.
331 556 440 580 Antequam
455 556 547 574 habeatur
562 562 651 574 numerus
666 556 762 575 sufficiens
776 556 854 580 presby-

184 592 268 613 terorum
283 588 410 609 ruthenorum,
426 588 457 612 qui
473 588 492 606 in
502 587 615 610 Civitatibus
630 587 741 606 Foederatis
752 587 854 606 Americae

185 619 259 638 educati
275 619 348 640 fuerint,
364 619 379 637 si
394 619 511 643 providenda
525 622 611 637 occurrat
620 619 644 637 de
655 625 689 637 suo
704 623 778 637 rectore
792 619 855 643 aliqua

185 651 250 669 missio
265 651 396 669 Ruthenorum
411 650 440 669 vel
450 657 521 669 vacans
530 650 560 669 vel
575 650 648 669 noviter
663 654 731 671 erecta,
742 650 855 669 Ordinarius

184 682 226 702 loci.
242 682 312 702 audito.
327 682 341 700 si
357 682 383 700 ita
397 682 538 703 existimaverit,
553 682 650 706 Episcopo
659 681 734 700 rutheni
749 682 800 702 ritus.
816 681 856 700 ido-

186 720 241 732 neum
256 713 375 732 sacerdotem
386 714 485 731 ruthenum
495 713 531 731 illic
541 714 579 732 iam
590 717 695 731 morantem
707 713 741 737 ipsi
752 713 854 738 praeficiat.

172 744 205 764 ⁴Si
220 744 281 763 nullus
301 745 383 763 idoneus
397 744 415 763 in
429 744 513 763 dioecesi
534 744 635 765 habeatur,
651 745 713 769 ipsum
731 744 814 768 postulet
830 744 855 762 ab

184 776 222 795 alio
237 776 333 801 Episcopo
348 776 450 794 Civitatum
465 775 618 794 Foederatarurn.
634 776 653 794 Si
668 782 713 794 vero
728 775 798 794 nullum
809 775 855 794 inibi

185 808 274 828 inveniat,
289 807 313 825 de
328 813 347 825 re
362 807 463 825 certiorem
473 807 541 825 reddat
555 807 574 826 S.
590 807 766 831 Congregationem
776 807 800 825 de
811 807 856 825 Pro-

186 838 276 863 paganda
290 839 337 857 Fide
352 845 386 862 pro
401 838 489 863 Negotiis
504 839 558 857 Ritus
572 838 682 859 Orientalis.
698 839 727 856 eui
747 844 803 857 curae
820 838 855 857 erit

185 870 291 895 providere.

226 902 269 920 Art.
284 901 325 919 XII.
340 901 434 919 Sacerdos
448 901 554 925 eligendus.
570 901 594 919 sit
608 900 689 921 caelebs,
705 900 734 919 vel
748 901 816 919 saltem
830 901 856 919 vi-

185 933 235 952 duus
249 937 268 953 et
282 933 353 957 absque
368 932 442 953 liberis,
457 933 532 957 integer
548 933 598 951 vitae
607 946 611 953 ,
626 932 666 951 zelo
680 938 703 951 ac
718 932 788 956 pietate
803 938 855 956 prae-

186 965 241 986 ditus,
257 964 303 983 satis
317 964 407 985 eruditus.
423 964 469 982 lucri
484 970 522 982 non
537 963 622 988 cupidus,
637 967 657 982 et
670 970 681 982 a
696 963 777 988 politicis
792 963 855 982 factio-

187 996 242 1014 nibus
256 996 334 1014 alienus.
714 1012 717 1014 .

226 1027 266 1045 Art.
283 1027 333 1046 XIII*
349 1026 447 1045 Sacerdoti
462 1033 486 1045 ex
500 1027 578 1051 Europa
592 1030 660 1045 vocato
679 1026 777 1051 praedicta
797 1027 856 1045 Sacra

186 1058 318 1083 Congregatio
333 1059 395 1076 tradet
408 1058 549 1079 documentum¹
565 1065 603 1082 quo
618 1058 653 1082 ipsi
670 1058 786 1077 concedatur
800 1058 857 1076 facul-

186 1094 216 1108 tas
230 1096 250 1108 se
265 1089 373 1108 conserendi
388 1090 406 1107 in
422 1090 514 1108 Civitates
533 1089 650 1108 Foederatas
667 1089 768 1107 Americae
787 1089 811 1107 ad
827 1095 856 1107 as-

187 1121 297 1139 sumendam
312 1121 429 1145 spiritualern
443 1127 507 1139 curam
522 1120 600 1139 alieuius
609 1120 746 1139 determinatae
761 1120 857 1139 missionis

187 1152 282 1171 ruthenae.
