921 1304
366 53 454 67 prmmn.
724 57 743 71 47

332 120 489 138 PRIVERNEN.

222 157 272 170 iuius
286 157 397 170 munuum
411 156 596 170 mimus-rumenam

71 194 156 212 Culnam
167 196 267 216 competat
279 196 309 212 lus
321 195 435 212 nominandi
447 190 628 212 administratorem
640 195 745 212 confrater-

111 222 186 239 nitatis.

115 266 260 287 Factiseries.
277 267 296 285 ln
311 267 415 285 cathedrali
429 266 510 285 ecclesia
525 267 642 285 Privernensi
654 271 707 285 extat
716 273 746 285 so-

72 298 143 317 dalitas
157 304 169 316 a
183 298 243 316 SSrho
258 298 382 319 Sacramento
397 302 505 322 nuncupata
520 299 537 316 in
552 304 590 322 qua
603 302 677 322 praeter
687 298 746 317 laicas

72 336 167 355 personas
181 334 305 349 recensentur
319 336 387 348 ornnes
401 330 487 348 canonici
506 329 632 351 Cathedralis,
651 330 683 354 qui
701 334 746 348 sunt

72 361 179 380 confratres
194 361 238 380 nati.
253 361 407 380 Controvertitur
416 366 478 380 utrum
488 361 630 380 administrator
639 361 747 380 sodalitatis

75 393 169 411 nominari
184 393 254 411 debeat
267 393 292 411 ab
307 392 415 413 Ordinatio,
430 392 460 411 vel
475 393 539 417 potius
548 398 559 410 a
569 392 659 416 Capitulo
669 392 746 416 praevia

73 424 161 442 eiusdem
177 424 273 442 Ordinarii
288 424 432 448 approbatione.
448 424 534 442 Actualis
545 423 705 442 confraternitatis
714 423 747 441 ad-

75 455 193 474 ministrator
206 459 236 474 est
250 455 353 473 canonicus
366 454 451 473 Thomas
466 455 524 476 Bove,
539 455 569 473 cui
584 454 619 473 hoe
630 460 698 473 munus
710 454 747 473 col-

74 486 135 504 latum
150 486 185 504 suit
198 492 249 504 anno
267 486 315 504 1886
331 486 356 504 ab
370 485 467 510 Episcopo
482 485 606 504 Simoneschi.
628 486 655 504 At
669 485 747 509 Capitu-

75 517 115 536 lum
130 517 165 535 sibi
180 517 215 536 hoc
231 517 260 535 ius
273 523 315 535 esse
330 516 507 541 recognoscendum
520 517 623 535 contendit.
639 516 747 541 Episcopus

74 555 122 567 vero
137 555 176 567 rem
190 552 252 567 totam
267 548 309 567 huic
324 548 342 566 S.
355 548 376 566 C.
387 548 457 567 iudicio
469 548 567 569 submittit,
579 554 640 572 neque
650 554 692 566 sese
703 554 746 566 con*

74 580 154 598 trarium
169 580 247 598 exhibet
262 579 348 604 petitioni
363 585 374 598 a
388 579 478 604 Capitulo
492 580 608 603 propositae·

118 610 346 631 Animadversiones.
361 610 469 635 Capitulum
480 611 556 629 invocat
566 611 683 635 principium.
694 610 746 635 quod

75 641 101 660 illi
118 642 148 660 ius
161 642 253 667 competit
268 641 377 661 nominandi
392 642 564 661 administratorem
580 642 598 661 in
612 641 676 666 aliquo
686 641 747 660 Colle-

75 674 117 698 gio,
132 673 164 698 qui
183 673 265 692 officium
284 673 342 692 hahet
361 679 425 692 curam
444 673 523 698 gerendi
542 674 635 698 gestionis
652 673 746 692 bonorum

76 705 137 729 ipsius
152 704 239 730 Collegii.
256 705 308 723 Haec
323 705 373 723 enim
388 705 493 724 nominatio
508 709 537 723 est
552 705 636 724 naturaie
651 709 747 723 consecta-

76 736 127 754 rium
141 736 200 760 ipsius
215 736 389 757 administrationis,
405 736 445 755 imo
453 741 508 755 actus
517 737 636 761 praecipuus,
652 736 691 755 Iam
701 742 747 754 vero

75 767 113 785 hoc
128 767 210 786 officium
226 768 245 786 in
259 767 347 792 gestione
362 768 455 786 bonorum
470 767 576 786 sodalitatis
591 774 602 786 a
612 767 672 786 SSffio
682 767 747 786 Sacra-

77 802 144 817 mento
159 804 219 823 usque
233 799 258 817 ab
272 799 351 823 antiquo
366 799 488 817 Privernense
499 799 608 823 Capitulum
620 798 709 817 exercuit
725 798 746 817 Id

77 830 148 854 probat
161 830 249 848 adductis
263 830 357 848 nonnullis
376 830 462 849 coetibus
480 830 621 855 capitularibus,
641 830 659 848 in
678 830 747 854 quibus

76 860 109 879 vel
124 860 264 879 administrator
279 861 385 879 sodalitatis
399 861 423 879 ab
438 862 479 885 ipso
494 862 527 879 suit
541 861 648 886 deputatus,
668 861 697 879 vel
715 860 748 879 de-

76 892 149 916 signati
159 896 203 910 sunt
212 892 251 911 duo
261 892 334 916 syndici
345 897 477 917 computorum
487 893 586 911 reviseres.
597 892 680 911 Exhibet
689 892 747 910 etiam

76 923 127 943 alios
141 923 255 948 capitulares
270 928 329 945 actus.
347 930 371 942 ex
385 924 454 948 quibus
473 924 531 948 liquet
549 924 588 942 sive
606 924 748 948 acceptationes

77 955 153 980 piorum
168 954 281 980 legatorum,
297 955 442 973 constitutiones
456 961 550 973 canonum
562 959 582 973 et
598 955 748 980 permutationes

77 986 139 1005 factas
152 987 209 1005 fuisse
224 987 248 1005 de
262 993 356 1005 consensu
371 987 431 1011 ipsius
445 987 533 1011 Capituli.

120 1017 195 1036 Deinde
210 1017 300 1042 Capitulo
313 1018 388 1036 videtur
407 1018 505 1042 suffragari
524 1018 619 1042 quaedam
638 1018 687 1036 ratio
705 1023 749 1036 con-

77 1049 185 1073 gruentiae.
201 1049 252 1067 Sane
266 1049 369 1073 praecipua
381 1049 487 1068 sodalitatis
496 1055 540 1073 pars
549 1049 659 1068 efformatur
668 1055 692 1067 ex
702 1049 749 1073 ipsis

78 1080 177 1099 canonicis
190 1076 222 1105 qui
238 1085 282 1099 sunt
296 1080 355 1104 ipsius
369 1080 476 1099 sodalitatis
490 1080 594 1099 confratres
609 1081 653 1101 nati,
672 1080 704 1098 vix
718 1086 749 1098 ca-

78 1112 180 1130 nonicatus
194 1112 335 1136 possessionem
351 1112 490 1130 nanciscuntur.
511 1111 595 1130 Ulterius
608 1111 703 1130 sodalitati
723 1111 749 1129 in-

77 1143 152 1162 cumbit
166 1149 214 1162 onus
228 1143 305 1162 curandi
320 1143 409 1161 decorem
424 1149 448 1162 ss.
463 1142 582 1161 functionum
596 1144 614 1161 in
629 1142 709 1161 eeclesia
719 1148 749 1160 ca.—
