921 1304
176 54 203 65 1²0
379 52 404 66 Ex
414 52 429 66 s.
439 52 558 71 Congregatione
568 52 627 66 Rituum

173 107 239 126 bulum
253 107 317 126 Sancti
328 108 409 132 Spiritus
423 114 466 127 rore
480 108 584 132 persunde;
600 112 620 126 ut
634 112 678 127 ante
693 109 774 127 sonitum
793 108 845 127 illius

172 144 248 163 semper
262 139 322 164 fugiat
331 139 425 158 bonorum
439 139 531 161 inimicus,
546 139 635 158 invitetur
650 139 674 158 ad
688 139 745 158 fidem
760 139 845 164 populus

173 170 292 192 christianus,
302 170 377 189 hostilis
390 174 483 189 terreatur
493 171 593 192 exereitus,
604 171 718 190 confortetur
728 171 747 189 in
757 170 845 189 Domino

173 207 207 226 per
221 201 265 220 illud
280 202 362 226 populus
376 206 419 221 tuus
433 206 555 223 convocatus.
570 209 592 221 ac
606 203 655 222 sicut
668 202 756 221 davidica
769 202 845 221 eithara

172 232 279 252 delectatus
292 233 374 258 desuper
388 233 493 252 descendat
506 233 587 258 Spiritus
597 234 688 253 Sanetus:
703 237 760 258 atque
775 237 796 252 ut
809 233 844 252 Sa-

174 263 235 283 muele
256 270 327 289 agnum
341 264 444 283 lactentem
458 269 553 283 mactante
568 265 586 284 in
600 265 731 284 holocaustum
746 265 798 289 regis
811 271 845 283 ae—

172 295 221 313 terni
231 295 310 320 imperii,
319 296 383 320 fragor
392 302 480 315 aurarum
490 296 564 315 turbam
574 296 644 321 repulit
652 296 805 317 adversantium;
816 296 844 314 ita

173 327 219 345 dum
232 326 288 345 huius
301 327 372 345 vasculi
387 327 461 346 sonitus
476 327 543 345 transit
556 334 591 351 per
602 327 671 349 nubila,
687 327 783 346 Ecclesiae
797 331 845 345 tuae

172 361 288 381 conventum
299 364 365 377 manus
375 362 476 377 conservet
485 358 577 383 angelica,
586 358 650 383 fruges
658 358 779 379 credentium,
791 364 845 376 men>

173 393 202 407 tes
211 393 231 407 et
240 390 321 413 corpora
328 389 388 408 salvet
397 390 491 414 protectio
501 390 622 414 sempiterna.
631 390 666 408 Per
673 394 697 411 te.
709 390 785 408 Christe
792 389 842 410 lesu,

172 421 204 445 qui
214 426 257 439 cum
267 420 311 439 Deo
321 421 376 439 Patre
386 421 433 439 vivis
442 425 463 439 et
472 427 542 446 regnas
551 421 570 439 in
584 421 656 440 unitate
665 421 751 440 eiusdem
760 421 844 445 Spiritus

173 451 237 470 Sancti
252 451 311 473 Deus,
326 458 361 476 per
374 453 439 471 omnia
453 452 529 471 saecula
542 452 666 471 saeculorum,

213 485 231 504 n.
246 483 315 502 Amen.

213 516 232 534 7.
247 515 267 533 In
282 515 374 534 honorem
388 515 453 533 Sancti
468 515 491 533 N.

213 548 230 568 n.
246 546 315 566 Amen.

217 577 236 596 T
234 584 266 596 um
282 577 371 602 Officians
387 577 477 602 producit
489 580 546 601 super
565 579 675 601 campanam
692 577 803 596 benedictam
817 577 843 596 si—

169 615 231 633 gnum
244 609 305 627 crucis
318 611 335 627 et
348 608 425 627 discedit
438 615 480 627 cum
494 609 594 627 mim'stris.

447 658 544 676 ROMAN
545 657 563 676 A

212 702 358 727 Expostulatum
373 707 402 721 est
416 708 427 721 a
441 703 501 721 Sacra
515 703 592 722 Rituum
607 703 777 728 Congregatione:

212 734 243 752 An
254 738 328 758 praeter
335 734 391 752 ritum
399 734 423 752 de
433 734 566 753 benedictione
574 734 653 759 simplici
661 740 722 753 novae
730 740 842 758 campanae,

172 771 221 789 quae
235 769 298 784 tamen
312 765 337 784 ad
351 771 406 784 usum
420 765 513 784 ecclesiae
527 772 564 784 non
579 766 676 786 inserviat,
692 765 718 784 uti
732 765 751 784 in
765 766 843 789 Appaen-

171 796 210 815 Aah
224 796 248 815 ad
265 796 340 815 Rituale
355 797 471 818 Romanum,
487 800 506 815 et
523 797 578 816 ritum
598 797 622 815 de
640 797 773 815 benedictione
791 797 842 821 signi

171 827 201 846 vel
216 833 320 852 campanae
334 834 369 852 pro
383 828 464 846 ecclesia
478 828 507 847 vel
522 828 598 849 sacello,
613 828 640 846 uti
655 828 673 846 in
688 827 792 846 Pontificali
805 828 842 846 Ro—

172 864 229 877 mano
243 859 276 883 (de
290 865 328 883 quo
350 862 430 884 utroque
449 859 485 878 ritu
506 859 570 884 agitur
584 860 602 877 in
616 860 695 878 decreto
709 865 727 878 n.
743 864 795 882 3770
811 859 843 877 Se-

170 889 238 908 duncn.
250 890 280 914 (1)
291 896 302 913 4
313 890 377 908 Martii
393 891 457 914 1892).
474 890 559 909 adhiberi
573 891 634 915 possit
647 890 695 909 alter
709 890 784 909 brevior
794 890 843 909 ritus

171 921 195 939 ad
209 927 313 945 campanas
332 922 351 940 in
366 928 420 940 usum
435 927 509 940 sacrum
530 921 677 940 benedicendas.
694 922 718 940 Et
732 921 791 940 Sacra
811 927 843 940 ea-

170 952 214 970 dem
229 952 366 978 Congregatio.
375 953 400 971 ad
414 953 526 972 relationem
541 953 642 977 subscripti
657 953 763 974 Secrenrii,
776 953 842 977 exqui-

170 984 207 1002 sita
221 984 367 1004 Commissionis
380 985 490 1009 Liturgieae
504 985 599 1003 sententia
613 985 739 1009 omnibusque
753 988 842 1003 accurate

171 1015 275 1039 perpensis,
290 1016 316 1034 ita
336 1016 479 1035 rescribendum
501 1016 585 1035 censuit:
600 1016 720 1035 Affirmative
741 1021 784 1034 cum
804 1015 841 1033 ritu

170 1046 282 1070 adprobato.
293 1047 355 1071 prouti
371 1051 425 1065 extat
433 1047 452 1065 in
463 1047 555 1071 superiori
569 1047 679 1071 exemplari.
690 1046 781 1065 Attamen
793 1046 842 1065 haec

172 1077 280 1096 benedictio
294 1078 318 1096 ab
333 1077 436 1102 Episcopo,
451 1078 481 1096 vel
501 1078 525 1096 ab
543 1077 584 1096 aliis
598 1077 706 1096 facultatem
727 1077 842 1095 habentibus

212 1145 233 1162 (ι)
243 1145 272 1159 est.
283 1145 319 1167 Aczq
330 1144 345 1158 s
356 1144 403 1161 Sedis,
414 1145 442 1158 von.
454 1145 478 1162 ιε,
489 1149 521 1164 p-g.
533 1145 556 1163 57.
585 1153 587 1155 -
