<?xml version="1.0" encoding="UTF-8"?>
<!DOCTYPE html PUBLIC "-//W3C//DTD XHTML 1.0 Transitional//EN"
    "http://www.w3.org/TR/xhtml1/DTD/xhtml1-transitional.dtd">
<html xmlns="http://www.w3.org/1999/xhtml" xml:lang="en" lang="en">
 <head>
  <title>
</title>
<meta http-equiv="Content-Type" content="text/html;charset=utf-8" />
  <meta name='ocr-system' content='tesseract 3.04.00' />
  <meta name='ocr-capabilities' content='ocr_page ocr_carea ocr_par ocr_line ocrx_word'/>
</head>
<body>
  <div class='ocr_page' id='page_1' title='image "actasanctaesedi06popegoog_0203.png"; bbox 0 0 921 1304; ppageno 0'>
   <div class='ocr_carea' id='block_1_1' title="bbox 187 54 550 73">
    <p class='ocr_par' dir='ltr' id='par_1_1' title="bbox 187 54 550 73">
     <span class='ocr_line' id='line_1_1' title="bbox 187 54 550 73; baseline 0 -5"><span class='ocrx_word' id='word_1_1' title='bbox 187 54 214 72; x_wconf 54' lang='grc' dir='ltr'>,με</span> <span class='ocrx_word' id='word_1_2' title='bbox 484 54 550 73; x_wconf 71' lang='lat' dir='ltr'>Episuua</span> 
     </span>
    </p>
   </div>
   <div class='ocr_carea' id='block_1_2' title="bbox 184 108 860 1163">
    <p class='ocr_par' dir='ltr' id='par_1_2' title="bbox 184 108 860 1163">
     <span class='ocr_line' id='line_1_2' title="bbox 185 108 853 133; baseline 0.001 -7"><span class='ocrx_word' id='word_1_3' title='bbox 185 114 263 133; x_wconf 84' lang='lat' dir='ltr'>ramque</span> <span class='ocrx_word' id='word_1_4' title='bbox 273 108 343 129; x_wconf 82' lang='lat' dir='ltr'>tribuit,</span> <span class='ocrx_word' id='word_1_5' title='bbox 354 108 387 127; x_wconf 82' lang='lat' dir='ltr'>sed</span> <span class='ocrx_word' id='word_1_6' title='bbox 397 108 438 133; x_wconf 80' lang='lat' dir='ltr'>ipse</span> <span class='ocrx_word' id='word_1_7' title='bbox 447 108 490 127; x_wconf 85' lang='lat' dir='ltr'>Rex</span> <span class='ocrx_word' id='word_1_8' title='bbox 500 108 628 133; x_wconf 86' lang='lat' dir='ltr'>Apostolicus.</span> <span class='ocrx_word' id='word_1_9' title='bbox 640 108 691 127; x_wconf 92' lang='lat' dir='ltr'>nullo</span> <span class='ocrx_word' id='word_1_10' title='bbox 700 109 780 127; x_wconf 82' lang='lat' dir='ltr'>antehac</span> <span class='ocrx_word' id='word_1_11' title='bbox 790 115 853 127; x_wconf 83' lang='lat' dir='ltr'>exem·</span> 
     </span>
     <span class='ocr_line' id='line_1_3' title="bbox 185 140 854 165; baseline 0 -7"><span class='ocrx_word' id='word_1_12' title='bbox 185 140 223 165; x_wconf 81' lang='lat' dir='ltr'>plo,</span> <span class='ocrx_word' id='word_1_13' title='bbox 238 140 335 164; x_wconf 81' lang='lat' dir='ltr'>auspicem</span> <span class='ocrx_word' id='word_1_14' title='bbox 353 146 373 158; x_wconf 89' lang='lat' dir='ltr'>se</span> <span class='ocrx_word' id='word_1_15' title='bbox 388 146 410 158; x_wconf 90' lang='lat' dir='ltr'>ac</span> <span class='ocrx_word' id='word_1_16' title='bbox 427 144 530 164; x_wconf 73' lang='lat' dir='ltr'>patronum</span> <span class='ocrx_word' id='word_1_17' title='bbox 545 140 633 164; x_wconf 83' lang='lat' dir='ltr'>impertit.</span> <span class='ocrx_word' id='word_1_18' title='bbox 653 140 724 164; x_wconf 84' lang='lat' dir='ltr'>Itaque,</span> <span class='ocrx_word' id='word_1_19' title='bbox 742 140 854 159; x_wconf 74' lang='lat' dir='ltr'>auctoritate</span> 
     </span>
     <span class='ocr_line' id='line_1_4' title="bbox 185 170 854 195; baseline 0 -6"><span class='ocrx_word' id='word_1_20' title='bbox 185 171 286 195; x_wconf 77' lang='lat' dir='ltr'>Augustae</span> <span class='ocrx_word' id='word_1_21' title='bbox 301 170 375 189; x_wconf 86' lang='lat' dir='ltr'>Domus</span> <span class='ocrx_word' id='word_1_22' title='bbox 389 177 432 189; x_wconf 86' lang='lat' dir='ltr'>cum</span> <span class='ocrx_word' id='word_1_23' title='bbox 447 170 505 189; x_wconf 82' lang='lat' dir='ltr'>tantis</span> <span class='ocrx_word' id='word_1_24' title='bbox 518 170 613 189; x_wconf 78' lang='lat' dir='ltr'>cumulata</span> <span class='ocrx_word' id='word_1_25' title='bbox 627 170 695 189; x_wconf 81' lang='lat' dir='ltr'>studiis</span> <span class='ocrx_word' id='word_1_26' title='bbox 711 171 785 192; x_wconf 83' lang='lat' dir='ltr'>civium,</span> <span class='ocrx_word' id='word_1_27' title='bbox 801 171 854 190; x_wconf 81' lang='lat' dir='ltr'>facile</span> 
     </span>
     <span class='ocr_line' id='line_1_5' title="bbox 185 202 855 227; baseline 0 -7"><span class='ocrx_word' id='word_1_28' title='bbox 185 206 215 220; x_wconf 89' lang='lat' dir='ltr'>est</span> <span class='ocrx_word' id='word_1_29' title='bbox 228 202 343 226; x_wconf 79' lang='lat' dir='ltr'>prospicere.</span> <span class='ocrx_word' id='word_1_30' title='bbox 358 208 406 227; x_wconf 77' lang='lat' dir='ltr'>erga</span> <span class='ocrx_word' id='word_1_31' title='bbox 420 202 558 220; x_wconf 79' lang='lat' dir='ltr'>sanctissimam</span> <span class='ocrx_word' id='word_1_32' title='bbox 569 202 672 220; x_wconf 75' lang='lat' dir='ltr'>foeminam</span> <span class='ocrx_word' id='word_1_33' title='bbox 686 208 783 226; x_wconf 88' lang='lat' dir='ltr'>nunquam</span> <span class='ocrx_word' id='word_1_34' title='bbox 797 202 855 227; x_wconf 84' lang='lat' dir='ltr'>sig-ni-</span> 
     </span>
     <span class='ocr_line' id='line_1_6' title="bbox 185 227 855 257; baseline 0 -6"><span class='ocrx_word' id='word_1_35' title='bbox 185 233 284 252; x_wconf 81' lang='lat' dir='ltr'>ficationes</span> <span class='ocrx_word' id='word_1_36' title='bbox 298 233 357 251; x_wconf 79' lang='lat' dir='ltr'>saetas</span> <span class='ocrx_word' id='word_1_37' title='bbox 371 239 414 251; x_wconf 82' lang='lat' dir='ltr'>esse</span> <span class='ocrx_word' id='word_1_38' title='bbox 424 237 463 251; x_wconf 88' lang='lat' dir='ltr'>tam</span> <span class='ocrx_word' id='word_1_39' title='bbox 477 233 558 251; x_wconf 79' lang='lat' dir='ltr'>illustres</span> <span class='ocrx_word' id='word_1_40' title='bbox 572 233 649 257; x_wconf 82' lang='lat' dir='ltr'>pietatis</span> <span class='ocrx_word' id='word_1_41' title='bbox 660 227 753 257; x_wconf 80' lang='lat' dir='ltr'>publicae.</span> <span class='ocrx_word' id='word_1_42' title='bbox 768 233 855 252; x_wconf 84' lang='lat' dir='ltr'>Summo-</span> 
     </span>
     <span class='ocr_line' id='line_1_7' title="bbox 185 264 854 289; baseline -0.001 -6"><span class='ocrx_word' id='word_1_43' title='bbox 185 270 230 289; x_wconf 83' lang='lat' dir='ltr'>pere</span> <span class='ocrx_word' id='word_1_44' title='bbox 244 265 285 283; x_wconf 92' lang='lat' dir='ltr'>Nos</span> <span class='ocrx_word' id='word_1_45' title='bbox 298 265 375 289; x_wconf 85' lang='lat' dir='ltr'>quidem</span> <span class='ocrx_word' id='word_1_46' title='bbox 390 264 426 283; x_wconf 65' lang='lat' dir='ltr'>ism</span> <span class='ocrx_word' id='word_1_47' title='bbox 443 264 544 285; x_wconf 75' lang='lat' dir='ltr'>delectant,</span> <span class='ocrx_word' id='word_1_48' title='bbox 559 270 608 289; x_wconf 90' lang='lat' dir='ltr'>quae</span> <span class='ocrx_word' id='word_1_49' title='bbox 622 270 665 282; x_wconf 84' lang='lat' dir='ltr'>curn</span> <span class='ocrx_word' id='word_1_50' title='bbox 681 264 779 283; x_wconf 75' lang='lat' dir='ltr'>declarant</span> <span class='ocrx_word' id='word_1_51' title='bbox 796 270 854 288; x_wconf 85' lang='lat' dir='ltr'>quam</span> 
     </span>
     <span class='ocr_line' id='line_1_8' title="bbox 184 295 855 320; baseline 0 -6"><span class='ocrx_word' id='word_1_52' title='bbox 184 296 241 314; x_wconf 83' lang='lat' dir='ltr'>vivax</span> <span class='ocrx_word' id='word_1_53' title='bbox 255 296 274 314; x_wconf 89' lang='lat' dir='ltr'>in</span> <span class='ocrx_word' id='word_1_54' title='bbox 292 296 347 314; x_wconf 90' lang='lat' dir='ltr'>vobis</span> <span class='ocrx_word' id='word_1_55' title='bbox 365 296 390 314; x_wconf 83' lang='lat' dir='ltr'>sit</span> <span class='ocrx_word' id='word_1_56' title='bbox 404 296 455 314; x_wconf 76' lang='lat' dir='ltr'>avita</span> <span class='ocrx_word' id='word_1_57' title='bbox 473 295 526 317; x_wconf 87' lang='lat' dir='ltr'>fides,</span> <span class='ocrx_word' id='word_1_58' title='bbox 541 300 581 313; x_wconf 89' lang='lat' dir='ltr'>tum</span> <span class='ocrx_word' id='word_1_59' title='bbox 600 301 646 314; x_wconf 88' lang='lat' dir='ltr'>vero</span> <span class='ocrx_word' id='word_1_60' title='bbox 659 301 712 320; x_wconf 90' lang='lat' dir='ltr'>spem</span> <span class='ocrx_word' id='word_1_61' title='bbox 732 296 794 314; x_wconf 92' lang='lat' dir='ltr'>Nobis</span> <span class='ocrx_word' id='word_1_62' title='bbox 808 296 855 314; x_wconf 84' lang='lat' dir='ltr'>dant</span> 
     </span>
     <span class='ocr_line' id='line_1_9' title="bbox 185 327 854 352; baseline -0.001 -6"><span class='ocrx_word' id='word_1_63' title='bbox 185 328 278 346; x_wconf 76' lang='lat' dir='ltr'>fructuum</span> <span class='ocrx_word' id='word_1_64' title='bbox 293 327 414 352; x_wconf 82' lang='lat' dir='ltr'>optimorum,</span> <span class='ocrx_word' id='word_1_65' title='bbox 433 333 537 351; x_wconf 80' lang='lat' dir='ltr'>eommque</span> <span class='ocrx_word' id='word_1_66' title='bbox 553 327 656 346; x_wconf 85' lang='lat' dir='ltr'>christiano</span> <span class='ocrx_word' id='word_1_67' title='bbox 674 327 745 352; x_wconf 87' lang='lat' dir='ltr'>populo</span> <span class='ocrx_word' id='word_1_68' title='bbox 759 328 854 349; x_wconf 80' lang='lat' dir='ltr'>universo,</span> 
     </span>
     <span class='ocr_line' id='line_1_10' title="bbox 186 358 856 383; baseline 0 -6"><span class='ocrx_word' id='word_1_69' title='bbox 186 365 223 377; x_wconf 88' lang='lat' dir='ltr'>non</span> <span class='ocrx_word' id='word_1_70' title='bbox 238 358 272 377; x_wconf 90' lang='lat' dir='ltr'>soli</span> <span class='ocrx_word' id='word_1_71' title='bbox 288 359 400 383; x_wconf 79' lang='lat' dir='ltr'>Hungariae</span> <span class='ocrx_word' id='word_1_72' title='bbox 414 363 496 380; x_wconf 70' lang='lat' dir='ltr'>vestrae,</span> <span class='ocrx_word' id='word_1_73' title='bbox 511 358 626 377; x_wconf 77' lang='lat' dir='ltr'>salutarium.</span> <span class='ocrx_word' id='word_1_74' title='bbox 642 358 709 383; x_wconf 85' lang='lat' dir='ltr'>Neque</span> <span class='ocrx_word' id='word_1_75' title='bbox 723 358 773 377; x_wconf 88' lang='lat' dir='ltr'>enim</span> <span class='ocrx_word' id='word_1_76' title='bbox 787 362 856 383; x_wconf 84' lang='lat' dir='ltr'>putan-</span> 
     </span>
     <span class='ocr_line' id='line_1_11' title="bbox 184 389 856 414; baseline -0.001 -6"><span class='ocrx_word' id='word_1_77' title='bbox 184 389 230 408; x_wconf 88' lang='lat' dir='ltr'>dum</span> <span class='ocrx_word' id='word_1_78' title='bbox 244 394 282 411; x_wconf 86' lang='lat' dir='ltr'>est,</span> <span class='ocrx_word' id='word_1_79' title='bbox 298 390 339 408; x_wconf 89' lang='lat' dir='ltr'>sine</span> <span class='ocrx_word' id='word_1_80' title='bbox 354 390 438 414; x_wconf 81' lang='lat' dir='ltr'>benigno</span> <span class='ocrx_word' id='word_1_81' title='bbox 457 389 540 414; x_wconf 87' lang='lat' dir='ltr'>quodam</span> <span class='ocrx_word' id='word_1_82' title='bbox 556 389 591 408; x_wconf 92' lang='lat' dir='ltr'>Dei</span> <span class='ocrx_word' id='word_1_83' title='bbox 607 389 686 408; x_wconf 81' lang='lat' dir='ltr'>consilio</span> <span class='ocrx_word' id='word_1_84' title='bbox 701 389 746 410; x_wconf 87' lang='lat' dir='ltr'>fieri,</span> <span class='ocrx_word' id='word_1_85' title='bbox 762 393 782 407; x_wconf 83' lang='lat' dir='ltr'>ut</span> <span class='ocrx_word' id='word_1_86' title='bbox 795 389 856 413; x_wconf 83' lang='lat' dir='ltr'>speci-</span> 
     </span>
     <span class='ocr_line' id='line_1_12' title="bbox 185 420 856 445; baseline 0 -6"><span class='ocrx_word' id='word_1_87' title='bbox 185 427 228 439; x_wconf 85' lang='lat' dir='ltr'>men</span> <span class='ocrx_word' id='word_1_88' title='bbox 243 421 354 442; x_wconf 79' lang='lat' dir='ltr'>sanetitatis,</span> <span class='ocrx_word' id='word_1_89' title='bbox 365 420 416 445; x_wconf 89' lang='lat' dir='ltr'>quod</span> <span class='ocrx_word' id='word_1_90' title='bbox 431 421 449 439; x_wconf 89' lang='lat' dir='ltr'>in</span> <span class='ocrx_word' id='word_1_91' title='bbox 464 421 495 439; x_wconf 87' lang='lat' dir='ltr'>illa</span> <span class='ocrx_word' id='word_1_92' title='bbox 504 420 595 439; x_wconf 78' lang='lat' dir='ltr'>Andreae</span> <span class='ocrx_word' id='word_1_93' title='bbox 607 421 659 445; x_wconf 83' lang='lat' dir='ltr'>regis</span> <span class='ocrx_word' id='word_1_94' title='bbox 673 420 716 441; x_wconf 85' lang='lat' dir='ltr'>filia,</span> <span class='ocrx_word' id='word_1_95' title='bbox 731 420 817 439; x_wconf 79' lang='lat' dir='ltr'>oblatum</span> <span class='ocrx_word' id='word_1_96' title='bbox 827 424 856 439; x_wconf 89' lang='lat' dir='ltr'>est</span> 
     </span>
     <span class='ocr_line' id='line_1_13' title="bbox 186 452 857 477; baseline 0 -7"><span class='ocrx_word' id='word_1_97' title='bbox 186 452 284 471; x_wconf 80' lang='lat' dir='ltr'>Ecclesiae</span> <span class='ocrx_word' id='word_1_98' title='bbox 298 452 374 471; x_wconf 79' lang='lat' dir='ltr'>saeculo</span> <span class='ocrx_word' id='word_1_99' title='bbox 388 452 526 473; x_wconf 83' lang='lat' dir='ltr'>tertiodecimo,</span> <span class='ocrx_word' id='word_1_100' title='bbox 545 458 614 473; x_wconf 88' lang='lat' dir='ltr'>rursus,</span> <span class='ocrx_word' id='word_1_101' title='bbox 630 452 700 477; x_wconf 82' lang='lat' dir='ltr'>insigni</span> <span class='ocrx_word' id='word_1_102' title='bbox 714 452 755 470; x_wconf 90' lang='lat' dir='ltr'>eius</span> <span class='ocrx_word' id='word_1_103' title='bbox 774 458 857 471; x_wconf 83' lang='lat' dir='ltr'>comme—</span> 
     </span>
     <span class='ocr_line' id='line_1_14' title="bbox 186 483 856 508; baseline 0 -6"><span class='ocrx_word' id='word_1_104' title='bbox 186 484 291 502; x_wconf 83' lang='lat' dir='ltr'>moratione</span> <span class='ocrx_word' id='word_1_105' title='bbox 306 487 375 505; x_wconf 84' lang='lat' dir='ltr'>vestra,</span> <span class='ocrx_word' id='word_1_106' title='bbox 390 484 498 508; x_wconf 85' lang='lat' dir='ltr'>expositum</span> <span class='ocrx_word' id='word_1_107' title='bbox 513 484 531 502; x_wconf 94' lang='lat' dir='ltr'>in</span> <span class='ocrx_word' id='word_1_108' title='bbox 546 483 587 502; x_wconf 85' lang='lat' dir='ltr'>luce</span> <span class='ocrx_word' id='word_1_109' title='bbox 602 483 652 502; x_wconf 87' lang='lat' dir='ltr'>orbis</span> <span class='ocrx_word' id='word_1_110' title='bbox 667 483 759 505; x_wconf 78' lang='lat' dir='ltr'>catholici,</span> <span class='ocrx_word' id='word_1_111' title='bbox 771 484 856 502; x_wconf 84' lang='lat' dir='ltr'>omnium</span> 
     </span>
     <span class='ocr_line' id='line_1_15' title="bbox 186 514 856 539; baseline 0 -6"><span class='ocrx_word' id='word_1_112' title='bbox 186 515 252 533; x_wconf 81' lang='lat' dir='ltr'>oculos</span> <span class='ocrx_word' id='word_1_113' title='bbox 271 519 328 539; x_wconf 91' lang='lat' dir='ltr'>atque</span> <span class='ocrx_word' id='word_1_114' title='bbox 342 515 416 533; x_wconf 87' lang='lat' dir='ltr'>animos</span> <span class='ocrx_word' id='word_1_115' title='bbox 430 515 454 533; x_wconf 87' lang='lat' dir='ltr'>ad</span> <span class='ocrx_word' id='word_1_116' title='bbox 470 521 490 533; x_wconf 88' lang='lat' dir='ltr'>se</span> <span class='ocrx_word' id='word_1_117' title='bbox 505 518 608 533; x_wconf 80' lang='lat' dir='ltr'>convertat.</span> <span class='ocrx_word' id='word_1_118' title='bbox 629 514 716 533; x_wconf 79' lang='lat' dir='ltr'>Profecto</span> <span class='ocrx_word' id='word_1_119' title='bbox 730 515 748 533; x_wconf 89' lang='lat' dir='ltr'>in</span> <span class='ocrx_word' id='word_1_120' title='bbox 763 515 822 533; x_wconf 87' lang='lat' dir='ltr'>vitam</span> <span class='ocrx_word' id='word_1_121' title='bbox 837 519 856 534; x_wconf 86' lang='lat' dir='ltr'>et</span> 
     </span>
     <span class='ocr_line' id='line_1_16' title="bbox 186 545 856 569; baseline 0 -5"><span class='ocrx_word' id='word_1_122' title='bbox 186 552 248 564; x_wconf 88' lang='lat' dir='ltr'>mores</span> <span class='ocrx_word' id='word_1_123' title='bbox 263 546 368 564; x_wconf 84' lang='lat' dir='ltr'>intuentem</span> <span class='ocrx_word' id='word_1_124' title='bbox 381 545 508 567; x_wconf 85' lang='lat' dir='ltr'>Elisabethae,</span> <span class='ocrx_word' id='word_1_125' title='bbox 519 545 643 564; x_wconf 82' lang='lat' dir='ltr'>vehementer</span> <span class='ocrx_word' id='word_1_126' title='bbox 652 545 728 569; x_wconf 83' lang='lat' dir='ltr'>capiant</span> <span class='ocrx_word' id='word_1_127' title='bbox 738 551 817 564; x_wconf 83' lang='lat' dir='ltr'>neeesse</span> <span class='ocrx_word' id='word_1_128' title='bbox 826 550 856 564; x_wconf 84' lang='lat' dir='ltr'>est</span> 
     </span>
     <span class='ocr_line' id='line_1_17' title="bbox 186 577 856 601; baseline 0 -6"><span class='ocrx_word' id='word_1_129' title='bbox 186 577 312 595; x_wconf 85' lang='lat' dir='ltr'>maximarum</span> <span class='ocrx_word' id='word_1_130' title='bbox 326 577 414 601; x_wconf 86' lang='lat' dir='ltr'>exempla</span> <span class='ocrx_word' id='word_1_131' title='bbox 427 577 518 595; x_wconf 83' lang='lat' dir='ltr'>virtutum</span> <span class='ocrx_word' id='word_1_132' title='bbox 532 583 589 595; x_wconf 85' lang='lat' dir='ltr'>omne</span> <span class='ocrx_word' id='word_1_133' title='bbox 603 582 670 601; x_wconf 83' lang='lat' dir='ltr'>genus,</span> <span class='ocrx_word' id='word_1_134' title='bbox 685 583 743 601; x_wconf 88' lang='lat' dir='ltr'>quum</span> <span class='ocrx_word' id='word_1_135' title='bbox 753 577 807 595; x_wconf 88' lang='lat' dir='ltr'>brevi</span> <span class='ocrx_word' id='word_1_136' title='bbox 817 577 856 601; x_wconf 89' lang='lat' dir='ltr'>qui-</span> 
     </span>
     <span class='ocr_line' id='line_1_18' title="bbox 186 608 856 629; baseline 0.001 -3"><span class='ocrx_word' id='word_1_137' title='bbox 186 609 231 627; x_wconf 89' lang='lat' dir='ltr'>dem</span> <span class='ocrx_word' id='word_1_138' title='bbox 245 614 273 629; x_wconf 89' lang='lat' dir='ltr'>ea,</span> <span class='ocrx_word' id='word_1_139' title='bbox 289 614 364 626; x_wconf 79' lang='lat' dir='ltr'>cursum</span> <span class='ocrx_word' id='word_1_140' title='bbox 378 608 453 629; x_wconf 74' lang='lat' dir='ltr'>aetatis,</span> <span class='ocrx_word' id='word_1_141' title='bbox 469 612 488 626; x_wconf 84' lang='lat' dir='ltr'>at</span> <span class='ocrx_word' id='word_1_142' title='bbox 502 608 520 626; x_wconf 90' lang='lat' dir='ltr'>in</span> <span class='ocrx_word' id='word_1_143' title='bbox 531 614 605 626; x_wconf 82' lang='lat' dir='ltr'>summa</span> <span class='ocrx_word' id='word_1_144' title='bbox 614 608 701 626; x_wconf 79' lang='lat' dir='ltr'>fortunae</span> <span class='ocrx_word' id='word_1_145' title='bbox 710 608 803 626; x_wconf 84' lang='lat' dir='ltr'>varietate</span> <span class='ocrx_word' id='word_1_146' title='bbox 813 614 856 627; x_wconf 83' lang='lat' dir='ltr'>con·</span> 
     </span>
     <span class='ocr_line' id='line_1_19' title="bbox 186 638 857 664; baseline 0 -7"><span class='ocrx_word' id='word_1_147' title='bbox 186 639 257 658; x_wconf 52' lang='lat' dir='ltr'>fecerit,</span> <span class='ocrx_word' id='word_1_148' title='bbox 272 639 293 657; x_wconf 97' lang='lat' dir='ltr'>In</span> <span class='ocrx_word' id='word_1_149' title='bbox 307 639 350 658; x_wconf 88' lang='lat' dir='ltr'>aula</span> <span class='ocrx_word' id='word_1_150' title='bbox 364 639 489 664; x_wconf 80' lang='lat' dir='ltr'>Thuringiae,</span> <span class='ocrx_word' id='word_1_151' title='bbox 504 639 535 657; x_wconf 89' lang='lat' dir='ltr'>ubi</span> <span class='ocrx_word' id='word_1_152' title='bbox 550 639 646 663; x_wconf 82' lang='lat' dir='ltr'>desponsa</span> <span class='ocrx_word' id='word_1_153' title='bbox 660 642 680 657; x_wconf 86' lang='lat' dir='ltr'>et</span> <span class='ocrx_word' id='word_1_154' title='bbox 689 638 784 657; x_wconf 79' lang='lat' dir='ltr'>destinata</span> <span class='ocrx_word' id='word_1_155' title='bbox 794 639 857 658; x_wconf 89' lang='lat' dir='ltr'>Ludo-</span> 
     </span>
     <span class='ocr_line' id='line_1_20' title="bbox 185 670 857 694; baseline 0 -6"><span class='ocrx_word' id='word_1_156' title='bbox 185 670 228 689; x_wconf 87' lang='lat' dir='ltr'>vico</span> <span class='ocrx_word' id='word_1_157' title='bbox 242 670 295 689; x_wconf 83' lang='lat' dir='ltr'>ducis</span> <span class='ocrx_word' id='word_1_158' title='bbox 310 670 348 689; x_wconf 83' lang='lat' dir='ltr'>filio</span> <span class='ocrx_word' id='word_1_159' title='bbox 362 670 485 688; x_wconf 81' lang='lat' dir='ltr'>adolescebat</span> <span class='ocrx_word' id='word_1_160' title='bbox 499 670 523 688; x_wconf 79' lang='lat' dir='ltr'>ad</span> <span class='ocrx_word' id='word_1_161' title='bbox 534 670 615 694; x_wconf 82' lang='lat' dir='ltr'>nuptias.</span> <span class='ocrx_word' id='word_1_162' title='bbox 629 670 711 694; x_wconf 79' lang='lat' dir='ltr'>puellula</span> <span class='ocrx_word' id='word_1_163' title='bbox 720 674 811 694; x_wconf 81' lang='lat' dir='ltr'>quantam</span> <span class='ocrx_word' id='word_1_164' title='bbox 821 670 857 689; x_wconf 82' lang='lat' dir='ltr'>vir-</span> 
     </span>
     <span class='ocr_line' id='line_1_21' title="bbox 185 702 855 726; baseline -0.001 -5"><span class='ocrx_word' id='word_1_165' title='bbox 185 703 231 721; x_wconf 92' lang='lat' dir='ltr'>tutis</span> <span class='ocrx_word' id='word_1_166' title='bbox 245 703 373 721; x_wconf 81' lang='lat' dir='ltr'>maturitatem</span> <span class='ocrx_word' id='word_1_167' title='bbox 388 702 483 720; x_wconf 82' lang='lat' dir='ltr'>ostendit!</span> <span class='ocrx_word' id='word_1_168' title='bbox 498 702 573 720; x_wconf 80' lang='lat' dir='ltr'>lntento</span> <span class='ocrx_word' id='word_1_169' title='bbox 587 702 612 720; x_wconf 83' lang='lat' dir='ltr'>ad</span> <span class='ocrx_word' id='word_1_170' title='bbox 627 702 689 720; x_wconf 91' lang='lat' dir='ltr'>Deum</span> <span class='ocrx_word' id='word_1_171' title='bbox 700 708 775 726; x_wconf 86' lang='lat' dir='ltr'>semper</span> <span class='ocrx_word' id='word_1_172' title='bbox 785 702 855 723; x_wconf 80' lang='lat' dir='ltr'>animo,</span> 
     </span>
     <span class='ocr_line' id='line_1_22' title="bbox 186 733 857 758; baseline -0.001 -6"><span class='ocrx_word' id='word_1_173' title='bbox 186 733 273 752; x_wconf 78' lang='lat' dir='ltr'>mortalia</span> <span class='ocrx_word' id='word_1_174' title='bbox 287 737 415 754; x_wconf 83' lang='lat' dir='ltr'>contemnere,</span> <span class='ocrx_word' id='word_1_175' title='bbox 426 734 504 751; x_wconf 80' lang='lat' dir='ltr'>subesse</span> <span class='ocrx_word' id='word_1_176' title='bbox 518 733 635 754; x_wconf 72' lang='lat' dir='ltr'>obedienter,</span> <span class='ocrx_word' id='word_1_177' title='bbox 645 739 740 758; x_wconf 84' lang='lat' dir='ltr'>generose</span> <span class='ocrx_word' id='word_1_178' title='bbox 750 733 857 752; x_wconf 57' lang='lat' dir='ltr'>simultatm</span> 
     </span>
     <span class='ocr_line' id='line_1_23' title="bbox 185 764 858 788; baseline -0.001 -5"><span class='ocrx_word' id='word_1_179' title='bbox 185 764 349 788; x_wconf 82' lang='lat' dir='ltr'>contumeliasque</span> <span class='ocrx_word' id='word_1_180' title='bbox 364 764 452 788; x_wconf 72' lang='lat' dir='ltr'>perferre.</span> <span class='ocrx_word' id='word_1_181' title='bbox 467 770 515 788; x_wconf 89' lang='lat' dir='ltr'>quas</span> <span class='ocrx_word' id='word_1_182' title='bbox 528 764 557 782; x_wconf 85' lang='lat' dir='ltr'>vel</span> <span class='ocrx_word' id='word_1_183' title='bbox 573 764 666 783; x_wconf 87' lang='lat' dir='ltr'>modestia</span> <span class='ocrx_word' id='word_1_184' title='bbox 685 764 755 785; x_wconf 80' lang='lat' dir='ltr'>cultus,</span> <span class='ocrx_word' id='word_1_185' title='bbox 770 764 801 782; x_wconf 91' lang='lat' dir='ltr'>vel</span> <span class='ocrx_word' id='word_1_186' title='bbox 820 768 858 783; x_wconf 88' lang='lat' dir='ltr'>stu-</span> 
     </span>
     <span class='ocr_line' id='line_1_24' title="bbox 185 795 858 820; baseline -0.001 -6"><span class='ocrx_word' id='word_1_187' title='bbox 185 796 238 814; x_wconf 87' lang='lat' dir='ltr'>dium</span> <span class='ocrx_word' id='word_1_188' title='bbox 252 796 375 820; x_wconf 84' lang='lat' dir='ltr'>paupertatis,</span> <span class='ocrx_word' id='word_1_189' title='bbox 387 795 416 814; x_wconf 92' lang='lat' dir='ltr'>vel</span> <span class='ocrx_word' id='word_1_190' title='bbox 431 795 507 820; x_wconf 82' lang='lat' dir='ltr'>pietatis</span> <span class='ocrx_word' id='word_1_191' title='bbox 516 795 573 814; x_wconf 80' lang='lat' dir='ltr'>ardor</span> <span class='ocrx_word' id='word_1_192' title='bbox 582 796 600 814; x_wconf 90' lang='lat' dir='ltr'>ei</span> <span class='ocrx_word' id='word_1_193' title='bbox 610 796 740 819; x_wconf 78' lang='lat' dir='ltr'>comparabat.</span> <span class='ocrx_word' id='word_1_194' title='bbox 754 795 858 820; x_wconf 49' lang='lat' dir='ltr'>Compresf</span> 
     </span>
     <span class='ocr_line' id='line_1_25' title="bbox 186 826 857 851; baseline -0.001 -6"><span class='ocrx_word' id='word_1_195' title='bbox 186 833 227 845; x_wconf 83' lang='lat' dir='ltr'>sere</span> <span class='ocrx_word' id='word_1_196' title='bbox 242 833 308 851; x_wconf 85' lang='lat' dir='ltr'>parurn</span> <span class='ocrx_word' id='word_1_197' title='bbox 323 833 357 851; x_wconf 85' lang='lat' dir='ltr'>per</span> <span class='ocrx_word' id='word_1_198' title='bbox 373 826 452 845; x_wconf 80' lang='lat' dir='ltr'>hostiles</span> <span class='ocrx_word' id='word_1_199' title='bbox 470 827 544 845; x_wconf 82' lang='lat' dir='ltr'>animos</span> <span class='ocrx_word' id='word_1_200' title='bbox 563 827 675 845; x_wconf 69' lang='lat' dir='ltr'>coniuncme</span> <span class='ocrx_word' id='word_1_201' title='bbox 693 830 759 845; x_wconf 82' lang='lat' dir='ltr'>contra</span> <span class='ocrx_word' id='word_1_202' title='bbox 777 827 857 845; x_wconf 82' lang='lat' dir='ltr'>istorum</span> 
     </span>
     <span class='ocr_line' id='line_1_26' title="bbox 185 857 857 882; baseline 0 -6"><span class='ocrx_word' id='word_1_203' title='bbox 185 862 231 877; x_wconf 81' lang='lat' dir='ltr'>vota</span> <span class='ocrx_word' id='word_1_204' title='bbox 245 858 328 882; x_wconf 86' lang='lat' dir='ltr'>nuptiae,</span> <span class='ocrx_word' id='word_1_205' title='bbox 343 864 382 882; x_wconf 90' lang='lat' dir='ltr'>quo</span> <span class='ocrx_word' id='word_1_206' title='bbox 396 858 471 876; x_wconf 86' lang='lat' dir='ltr'>interim</span> <span class='ocrx_word' id='word_1_207' title='bbox 486 858 548 882; x_wconf 81' lang='lat' dir='ltr'>spatio</span> <span class='ocrx_word' id='word_1_208' title='bbox 562 857 683 876; x_wconf 86' lang='lat' dir='ltr'>Elisabethae</span> <span class='ocrx_word' id='word_1_209' title='bbox 698 857 769 879; x_wconf 84' lang='lat' dir='ltr'>laudes,</span> <span class='ocrx_word' id='word_1_210' title='bbox 781 858 857 876; x_wconf 86' lang='lat' dir='ltr'>nemine</span> 
     </span>
     <span class='ocr_line' id='line_1_27' title="bbox 186 888 858 913; baseline -0.001 -5"><span class='ocrx_word' id='word_1_211' title='bbox 186 890 223 908; x_wconf 88' lang='lat' dir='ltr'>iam</span> <span class='ocrx_word' id='word_1_212' title='bbox 237 890 349 911; x_wconf 79' lang='lat' dir='ltr'>obsistente,</span> <span class='ocrx_word' id='word_1_213' title='bbox 364 890 417 908; x_wconf 80' lang='lat' dir='ltr'>visae</span> <span class='ocrx_word' id='word_1_214' title='bbox 431 893 475 908; x_wconf 88' lang='lat' dir='ltr'>sunt</span> <span class='ocrx_word' id='word_1_215' title='bbox 489 889 563 908; x_wconf 84' lang='lat' dir='ltr'>elucere</span> <span class='ocrx_word' id='word_1_216' title='bbox 580 889 703 913; x_wconf 87' lang='lat' dir='ltr'>splendidius.</span> <span class='ocrx_word' id='word_1_217' title='bbox 723 888 799 907; x_wconf 80' lang='lat' dir='ltr'>Scilicet</span> <span class='ocrx_word' id='word_1_218' title='bbox 818 895 858 907; x_wconf 72' lang='lat' dir='ltr'>mu-</span> 
     </span>
     <span class='ocr_line' id='line_1_28' title="bbox 185 919 856 944; baseline -0.001 -5"><span class='ocrx_word' id='word_1_219' title='bbox 185 920 331 944; x_wconf 68' lang='lat' dir='ltr'>lieremfortcm,</span> <span class='ocrx_word' id='word_1_220' title='bbox 342 920 410 939; x_wconf 86' lang='lat' dir='ltr'>divinis</span> <span class='ocrx_word' id='word_1_221' title='bbox 420 920 552 939; x_wconf 80' lang='lat' dir='ltr'>adumbratam</span> <span class='ocrx_word' id='word_1_222' title='bbox 563 920 645 940; x_wconf 81' lang='lat' dir='ltr'>Litteris,</span> <span class='ocrx_word' id='word_1_223' title='bbox 656 920 735 944; x_wconf 83' lang='lat' dir='ltr'>agnovit</span> <span class='ocrx_word' id='word_1_224' title='bbox 742 919 856 944; x_wconf 81' lang='lat' dir='ltr'>Thuringia.</span> 
     </span>
     <span class='ocr_line' id='line_1_29' title="bbox 185 951 858 976; baseline -0.001 -6"><span class='ocrx_word' id='word_1_225' title='bbox 185 952 263 976; x_wconf 84' lang='lat' dir='ltr'>coniugi</span> <span class='ocrx_word' id='word_1_226' title='bbox 278 952 368 970; x_wconf 86' lang='lat' dir='ltr'>unanimo</span> <span class='ocrx_word' id='word_1_227' title='bbox 378 952 465 976; x_wconf 82' lang='lat' dir='ltr'>natisque</span> <span class='ocrx_word' id='word_1_228' title='bbox 475 955 494 969; x_wconf 88' lang='lat' dir='ltr'>et</span> <span class='ocrx_word' id='word_1_229' title='bbox 504 951 584 969; x_wconf 75' lang='lat' dir='ltr'>familiae</span> <span class='ocrx_word' id='word_1_230' title='bbox 595 957 629 969; x_wconf 80' lang='lat' dir='ltr'>sua</span> <span class='ocrx_word' id='word_1_231' title='bbox 638 951 784 975; x_wconf 80' lang='lat' dir='ltr'>diligentissime</span> <span class='ocrx_word' id='word_1_232' title='bbox 795 951 858 969; x_wconf 85' lang='lat' dir='ltr'>officia</span> 
     </span>
     <span class='ocr_line' id='line_1_30' title="bbox 186 982 859 1008; baseline -0.001 -6"><span class='ocrx_word' id='word_1_233' title='bbox 186 987 321 1008; x_wconf 84' lang='lat' dir='ltr'>praestantem,</span> <span class='ocrx_word' id='word_1_234' title='bbox 337 983 392 1002; x_wconf 89' lang='lat' dir='ltr'>simul</span> <span class='ocrx_word' id='word_1_235' title='bbox 402 983 469 1007; x_wconf 82' lang='lat' dir='ltr'>inopes</span> <span class='ocrx_word' id='word_1_236' title='bbox 484 988 550 1001; x_wconf 87' lang='lat' dir='ltr'>omnes</span> <span class='ocrx_word' id='word_1_237' title='bbox 560 986 579 1001; x_wconf 91' lang='lat' dir='ltr'>et</span> <span class='ocrx_word' id='word_1_238' title='bbox 589 982 709 1001; x_wconf 84' lang='lat' dir='ltr'>calamitosos</span> <span class='ocrx_word' id='word_1_239' title='bbox 719 986 806 1001; x_wconf 79' lang='lat' dir='ltr'>materna</span> <span class='ocrx_word' id='word_1_240' title='bbox 815 983 859 1001; x_wconf 84' lang='lat' dir='ltr'>cha-</span> 
     </span>
     <span class='ocr_line' id='line_1_31' title="bbox 186 1013 859 1038; baseline -0.003 -5"><span class='ocrx_word' id='word_1_241' title='bbox 186 1015 241 1033; x_wconf 83' lang='lat' dir='ltr'>ritate</span> <span class='ocrx_word' id='word_1_242' title='bbox 255 1014 423 1038; x_wconf 83' lang='lat' dir='ltr'>complectentem;</span> <span class='ocrx_word' id='word_1_243' title='bbox 439 1014 458 1032; x_wconf 92' lang='lat' dir='ltr'>id</span> <span class='ocrx_word' id='word_1_244' title='bbox 473 1014 524 1038; x_wconf 89' lang='lat' dir='ltr'>quod</span> <span class='ocrx_word' id='word_1_245' title='bbox 543 1013 625 1032; x_wconf 83' lang='lat' dir='ltr'>maxime</span> <span class='ocrx_word' id='word_1_246' title='bbox 642 1013 716 1032; x_wconf 82' lang='lat' dir='ltr'>exstitit</span> <span class='ocrx_word' id='word_1_247' title='bbox 731 1013 750 1031; x_wconf 88' lang='lat' dir='ltr'>in</span> <span class='ocrx_word' id='word_1_248' title='bbox 769 1019 859 1032; x_wconf 79' lang='lat' dir='ltr'>annonae</span> 
     </span>
     <span class='ocr_line' id='line_1_32' title="bbox 185 1043 860 1070; baseline -0.001 -6"><span class='ocrx_word' id='word_1_249' title='bbox 185 1046 287 1070; x_wconf 74' lang='lat' dir='ltr'>gravitate,</span> <span class='ocrx_word' id='word_1_250' title='bbox 298 1052 356 1070; x_wconf 91' lang='lat' dir='ltr'>quum</span> <span class='ocrx_word' id='word_1_251' title='bbox 371 1044 441 1069; x_wconf 87' lang='lat' dir='ltr'>populo</span> <span class='ocrx_word' id='word_1_252' title='bbox 454 1044 504 1063; x_wconf 82' lang='lat' dir='ltr'>same</span> <span class='ocrx_word' id='word_1_253' title='bbox 514 1044 626 1069; x_wconf 79' lang='lat' dir='ltr'>periclitanti</span> <span class='ocrx_word' id='word_1_254' title='bbox 642 1044 660 1063; x_wconf 87' lang='lat' dir='ltr'>in</span> <span class='ocrx_word' id='word_1_255' title='bbox 670 1045 735 1069; x_wconf 79' lang='lat' dir='ltr'>primis</span> <span class='ocrx_word' id='word_1_256' title='bbox 744 1043 860 1063; x_wconf 74' lang='lat' dir='ltr'>liberalitate</span> 
     </span>
     <span class='ocr_line' id='line_1_33' title="bbox 186 1075 860 1101; baseline -0.001 -6"><span class='ocrx_word' id='word_1_257' title='bbox 186 1077 355 1101; x_wconf 82' lang='lat' dir='ltr'>misericordiaque</span> <span class='ocrx_word' id='word_1_258' title='bbox 373 1076 427 1095; x_wconf 82' lang='lat' dir='ltr'>ducis</span> <span class='ocrx_word' id='word_1_259' title='bbox 446 1082 492 1094; x_wconf 88' lang='lat' dir='ltr'>suae</span> <span class='ocrx_word' id='word_1_260' title='bbox 509 1076 595 1100; x_wconf 85' lang='lat' dir='ltr'>quaesita</span> <span class='ocrx_word' id='word_1_261' title='bbox 612 1075 668 1095; x_wconf 28' lang='lat' dir='ltr'>salus*</span> <span class='ocrx_word' id='word_1_262' title='bbox 689 1076 798 1094; x_wconf 74' lang='lat' dir='ltr'>Consecuta</span> <span class='ocrx_word' id='word_1_263' title='bbox 814 1080 860 1094; x_wconf 86' lang='lat' dir='ltr'>sunt</span> 
     </span>
     <span class='ocr_line' id='line_1_34' title="bbox 185 1107 860 1132; baseline -0.001 -6"><span class='ocrx_word' id='word_1_264' title='bbox 185 1111 279 1132; x_wconf 81' lang='lat' dir='ltr'>tempora,</span> <span class='ocrx_word' id='word_1_265' title='bbox 290 1107 347 1132; x_wconf 85' lang='lat' dir='ltr'>plena</span> <span class='ocrx_word' id='word_1_266' title='bbox 357 1108 473 1126; x_wconf 84' lang='lat' dir='ltr'>miseriarum</span> <span class='ocrx_word' id='word_1_267' title='bbox 488 1111 545 1131; x_wconf 79' lang='lat' dir='ltr'>atque</span> <span class='ocrx_word' id='word_1_268' title='bbox 559 1107 627 1128; x_wconf 85' lang='lat' dir='ltr'>luctus,</span> <span class='ocrx_word' id='word_1_269' title='bbox 638 1113 697 1131; x_wconf 88' lang='lat' dir='ltr'>quum</span> <span class='ocrx_word' id='word_1_270' title='bbox 710 1107 745 1126; x_wconf 83' lang='lat' dir='ltr'>viri</span> <span class='ocrx_word' id='word_1_271' title='bbox 759 1107 779 1125; x_wconf 85' lang='lat' dir='ltr'>in</span> <span class='ocrx_word' id='word_1_272' title='bbox 794 1107 860 1126; x_wconf 79' lang='lat' dir='ltr'>Palae-</span> 
     </span>
     <span class='ocr_line' id='line_1_35' title="bbox 186 1138 860 1163; baseline -0.001 -6"><span class='ocrx_word' id='word_1_273' title='bbox 186 1139 255 1157; x_wconf 87' lang='lat' dir='ltr'>stinam</span> <span class='ocrx_word' id='word_1_274' title='bbox 262 1139 368 1157; x_wconf 82' lang='lat' dir='ltr'>discessum</span> <span class='ocrx_word' id='word_1_275' title='bbox 376 1139 533 1162; x_wconf 83' lang='lat' dir='ltr'>immaturamque</span> <span class='ocrx_word' id='word_1_276' title='bbox 542 1138 623 1157; x_wconf 85' lang='lat' dir='ltr'>subinde</span> <span class='ocrx_word' id='word_1_277' title='bbox 630 1142 716 1160; x_wconf 82' lang='lat' dir='ltr'>mortem,</span> <span class='ocrx_word' id='word_1_278' title='bbox 725 1142 788 1163; x_wconf 78' lang='lat' dir='ltr'>atque.</span> <span class='ocrx_word' id='word_1_279' title='bbox 797 1145 860 1157; x_wconf 85' lang='lat' dir='ltr'>erum-</span> 
     </span>
    </p>
   </div>
  </div>
 </body>
</html>
