921 1304
335 60 434 80 &maguum
692 65 717 78 ¹47

61 114 115 132 audita
129 113 220 132 relatione
235 114 348 137 infrascripti
362 114 463 132 Secretarii
475 113 493 132 S.
505 113 526 132 C.
538 113 624 134 Concilii,
636 113 719 138 benigne

60 149 110 163 ratam
125 145 191 163 habuit
204 150 223 164 et
237 145 350 169 approbavit
364 145 505 163 resolutionem*
515 145 533 163 S.
549 144 717 169 Congregationis,

60 180 74 194 et
84 177 161 201 insuper
175 176 272 195 mandavit
286 181 306 195 ut
320 182 355 200 pro
369 176 437 194 ceteris
451 176 540 194 omnibus
554 180 640 194 servetur
657 176 719 200 dispo-

59 207 93 226 sitio
107 207 184 227 decreti.

192 254 202 275 †
216 252 335 271 VINCENTIUS
350 252 405 270 Card.
417 252 454 276 Ep.
465 252 567 273 Praenest.¹
578 252 691 276 Praefectus.

456 283 478 302 C.
494 283 524 302 De
540 283 579 305 Lai,
596 283 717 302 secretarius.

288 377 480 395 SENOGALLIEN.

298 414 347 427 {unus
362 414 472 427 FUNERAND!

58 452 79 469 De
94 453 219 473 privilegiato
234 453 274 469 iure
289 452 390 469 funerandi
405 453 527 473 competente
543 452 568 469 ad
583 453 686 469 eeclesiam
700 452 720 469 in

95 480 139 496 solo
151 479 279 496 Later-nens}
291 479 397 496 fimdataru.

91 524 253 549 Factispecies.
269 523 377 549 Capitulum
387 524 531 543 archibasilicae
541 524 674 543 Lateranensis
686 530 720 548 per

57 555 124 574 Bullam
138 555 177 574 diei
193 557 216 573 26
232 555 278 573 Dec.
298 561 345 578 1473
361 555 461 576 concessit,
478 560 498 574 ut
512 555 530 573 in
545 555 586 574 solo
596 555 720 574 Lateranensi

56 587 116 611 oppidi
136 586 194 611 Vulgo
212 586 311 605 Balvcden
331 586 433 607 Castrensa,
453 586 547 605 dioecesis
565 586 719 611 Senogalliensis,

56 618 155 642 erigeretur
169 618 249 636 ecclesia
261 622 281 636 et
290 617 433 636 confraternitas
450 617 469 636 S.
480 618 552 636 Mariae
566 624 577 636 a
593 617 721 636 misericordia

56 652 166 674 nuncupata,
181 655 230 673 quae
244 653 296 668 esset
310 649 419 667 immediate
436 649 521 668 subiecta
539 649 631 668 ecclesiae
646 649 721 668 Latera-

56 681 116 701 nensi,
132 684 189 704 atque
209 688 218 698 «
228 680 254 699 uti
269 684 335 705 posset
350 681 476 701 coemeterio,
492 681 601 705 campanili,
617 681 720 705 campanis.

56 711 143 730 altaribus
157 718 179 730 ac
194 717 248 730 sacro
262 711 313 730 fonte
331 711 420 736 baptismi
439 718 481 730 cum
501 712 610 730 omnimoda
628 711 719 732 libertate,

56 743 105 762 salvo
118 748 182 761 tamen
198 743 238 761 iure
252 742 365 767 parochialis
379 742 471 761 ecclesiae
484 751 499 761 ι».
519 743 550 761 Ad
570 749 648 761 munera
667 749 721 761 sacra

56 774 72 792 in
85 775 169 799 praefata
184 774 202 793 S⁴
218 774 289 792 Mariae
304 773 384 792 ecclesia
398 774 494 798 explenda
510 774 562 798 prius
576 774 664 798 deputati
684 774 721 792 sue*

57 810 95 824 runt
109 805 193 824 nonnulli
208 805 319 830 cappellani,
333 805 376 824 dein
386 811 432 824 vero
443 805 492 823 idem
503 805 611 829 Capitulum
621 805 674 823 Bulla
684 805 721 823 diei

58 837 67 854 S
77 837 125 862 Aug.
140 837 189 860 1587
201 836 280 855 instituit
293 843 350 854 unum
365 836 548 861 archipresbyterum
564 841 583 855 et
597 841 678 861 quatuor
693 842 722 855 ca-

57 868 130 886 nonicos
143 875 153 885 ‹
162 874 205 886 curn
220 868 308 886 omnibus
317 874 339 886 ac
351 867 431 892 singulis
443 868 514 886 iuribus
528 872 547 886 et
562 868 666 892 privilegiis
680 868 722 886 sine

57 898 129 917 alicuius
144 899 261 923 praeiudicio
270 906 288 917 ι.

93 930 164 949 Verum
179 934 239 948 tractu
254 930 345 955 temporis
360 936 397 949 non
407 930 507 949 defuerunt
517 930 559 949 lites
568 930 617 949 inter
627 930 721 955 praefatos

57 962 153 980 canonicos
163 965 220 985 atque
231 961 310 980 localem
321 962 424 985 paroehum
436 961 527 980 ecclesiae
542 962 561 980 S.
572 962 627 982 Petri.
639 967 723 986 praeser-

58 992 86 1010 tim
99 993 162 1017 quoad
172 993 202 1011 ius
212 992 314 1011 funerandi.
331 993 360 1011 Ex
375 993 452 1017 antiqua
462 997 524 1011 autem
535 993 637 1012 concordia
646 999 679 1011 seu
690 993 723 1011 im-

59 1023 168 1043 memorabili
179 1024 315 1043 consuetudine
330 1028 409 1045 constat¹
421 1024 549 1043 emolumenta
562 1024 655 1042 funeraria
665 1024 723 1049 (quae

59 1054 74 1072 in
87 1061 128 1074 cera
142 1055 167 1074 ad
177 1055 259 1074 cadaver
268 1062 349 1074 accensa
359 1056 496 1080 consistebant)
507 1062 541 1080 pro
552 1055 653 1074 medietate
665 1055 723 1074 fuisse

59 1084 113 1105 divisa
126 1086 175 1105 inter
189 1086 292 1105 Plebanurn
307 1086 325 1105 S.
340 1087 389 1105 Petri
403 1091 422 1105 et
437 1086 546 1111 Capitulum
561 1086 579 1105 S.
591 1087 669 1108 Mariae,
684 1090 723 1105 tarn

60 1116 73 1134 si
86 1118 165 1136 cadaver
178 1117 302 1136 tumularetur
316 1118 334 1136 in
350 1118 452 1142 parochiali
467 1118 547 1137 ecclesia
561 1124 618 1142 quam
633 1118 651 1136 in
662 1117 724 1136 Colle-

61 1147 117 1171 giata;
131 1149 176 1167 dum
190 1155 254 1168 ceram
268 1149 286 1167 in
301 1149 391 1168 altaribus
405 1153 502 1168 extantem
517 1149 541 1168 ad
551 1149 651 1168 ecclesiam
662 1153 724 1167 turnu-
