921 1304
183 57 201 74 ³4
457 56 498 70 Motu
510 56 574 75 Propria

221 110 248 129 Mi
263 110 376 135 congratulo
390 114 478 135 pertanto
488 110 548 129 anche
558 117 594 129 con
608 111 645 132 voi,
656 110 765 129 Venerabili
778 110 856 129 Pastori

182 141 201 160 di
222 142 287 160 Reims
301 148 312 160 e
325 142 345 160 di
364 141 472 166 Mas-siglia.
488 141 522 160 che
543 141 654 160 ritornando
675 141 711 160 alle
727 145 791 160 vostre
812 142 853 160 sedi

181 172 248 191 adorni
262 172 312 191 della
321 172 380 191 Sacra
395 173 484 197 Porpora,
500 177 562 191 sasete
572 173 640 191 accolti
655 179 690 191 con
705 174 759 198 gioia
768 179 778 191 e
788 177 858 192 avrete

182 203 194 222 il
208 204 270 222 saluto
284 204 386 223 affettuoso
400 204 430 223 dei
445 204 503 223 vostri
518 204 621 222 confratelli
637 211 647 222 e
662 204 679 223 la
693 205 818 223 venerazione
833 205 854 223 di

183 235 225 253 tutti
240 235 245 253 i
260 235 342 254 cattolici
357 235 406 253 della
420 235 505 254 Francia.
528 235 569 254 Che
584 241 604 254 se
619 235 638 254 in
652 239 719 260 questa
736 235 797 254 letizia
815 242 857 254 non

159 276 161 278 -
183 266 208 285 ho
222 271 289 290 potuto
304 266 343 285 sare
357 273 368 285 a
383 269 439 285 meno
453 266 472 284 di
487 267 634 285 rammaricarmi
649 267 748 291 pensando
762 266 798 285 alle
813 273 856 291 per-

184 298 278 316 secuzioni
297 297 332 316 alle
353 297 403 322 quali
420 298 431 316 ὲ
445 297 491 316 satta
512 304 573 322 segno
587 297 604 316 la
619 297 698 319 chiesa,
713 297 789 316 confido
807 298 859 322 ρει-ὸ

184 329 242 348 molto
257 329 317 348 anche
333 329 352 347 in
366 329 404 350 voi,
419 329 460 350 che,
476 329 608 348 cominciando
630 329 676 354 oggi
691 335 728 348 una
743 330 781 347 vita
795 329 814 347 di
829 329 859 347 la-

184 366 230 379 voro
245 361 276 385 piu
291 360 369 379 assiduo
382 366 393 379 e
407 360 426 378 di
442 360 530 385 maggior
545 360 647 382 sacrificio,
662 367 716 379 come
731 367 765 385 per
779 361 797 379 lo
812 367 856 385 pas-

184 396 231 413 sato,
247 391 377 410 continuerete
391 398 402 410 a
416 396 527 410 sostenerne
541 392 546 410 i
561 392 619 410 diritti
634 398 645 410 e
659 392 683 410 ad
698 392 785 410 aiutarmi
804 391 859 410 nello

184 423 281 447 spirituale
295 429 387 448 governo,
403 423 418 441 E
433 430 444 442 a
458 427 526 447 questo
540 423 578 442 fine
592 423 702 448 impartisco
716 430 753 442 con
763 424 857 442 effusione

184 454 203 473 di
217 461 274 473 cuore
288 454 414 478 l'Apostolica
430 454 552 473 benedizione
566 461 577 473 a
587 455 623 475 voi.
634 454 652 472 al
662 454 713 473 clero
722 455 745 473 ed
756 454 774 473 al
784 454 860 479 popolo

184 486 233 504 delle
247 490 310 504 vostre
324 486 401 506 diocesi.
412 486 429 504 ai
440 485 499 504 diletti
514 486 549 504 che
563 486 682 504 decorarono
697 485 745 504 colla
759 485 800 504 loro
814 492 859 510 pre-

185 523 241 536 senza
251 521 317 541 questa
326 518 439 538 ceremonia.
451 517 468 535 ai
478 517 537 535 vostri
551 517 574 535 ed
590 517 606 535 ai
622 516 662 535 loro
672 517 752 541 parenti,
762 523 773 535 e
787 521 859 541 questa

184 548 308 567 benedizione
323 548 351 567 sia
365 548 417 566 sonte
431 554 464 572 per
479 548 522 566 tutti
536 548 586 566 delle
595 548 659 572 grazie
672 548 703 572 piu
718 548 775 567 elette
785 554 796 566 e
805 548 860 567 delle

185 580 216 605 piu
234 580 286 598 soavi
301 580 434 599 consolazioni,

532 617 567 625 μή,

402 652 490 672 MOTU
503 652 637 672 PROPRIO

185 691 227 712 Quo
239 690 356 707 reformatur
371 689 477 710 collegium
493 689 687 707 Poenitentlariorum
702 689 859 706 Franclscassum

229 717 327 734 Basilicas
340 717 485 733 Laternnensis.

450 756 506 775 PIUS
520 757 555 775 PP.
570 756 589 774 X

226 797 322 822 Singulari
336 803 401 815 curare
415 796 483 817 studio,
500 800 520 815 ut
534 796 641 821 praeclarus
655 796 709 815 Ordo
720 796 806 815 Fratrum
822 796 858 814 Mi—

187 835 254 848 norum
270 830 287 847 in
302 828 390 847 omnibus
400 828 456 846 rebus
471 834 525 846 suum
535 828 594 846 decus
603 827 754 852 dignitatemque
769 828 858 848 retineat,

187 860 278 879 Nostrum
292 859 415 884 intelligimus
428 865 476 880 esse,
492 858 647 883 quandoquidem
661 858 685 877 ad
700 858 807 882 Apostolici
818 865 859 876 mu-

188 892 238 910 neris
252 891 334 910 officium
350 890 423 909 accedit
432 889 483 914 quod
497 890 557 914 ipsius
571 889 650 908 Ordinis
661 890 787 913 patrocinium
803 890 859 908 susti-

189 928 259 941 nemus.
275 922 346 946 Itaque.
359 928 402 940 cum
412 921 430 939 in
441 920 529 945 Collegio
543 920 734 939 Poenitentiariorum
749 921 858 939 Francisca-

187 954 232 972 lium
246 956 379 971 sacrosanctae
398 952 489 970 Basilicae
508 952 642 970 Lateranensis
661 952 760 970 videamus
780 958 858 977 magno-

187 991 232 1010 pere
253 984 344 1003 interesse
365 984 389 1002 ad
410 984 515 1002 custodiam
537 983 657 1008 disciplinae.
674 988 694 1002 ut
707 983 731 1002 de
748 983 824 1008 legibus
838 987 860 1002 et

186 1016 282 1037 institutis,
293 1016 362 1040 quibus
376 1015 483 1040 Collegium
494 1015 557 1035 utitur.
568 1015 638 1039 aliquid
650 1015 765 1035 immutetur,
776 1021 798 1033 ea
808 1021 858 1039 quae

187 1047 234 1066 infra
249 1046 318 1071 scripta
332 1050 381 1067 sunt,
398 1051 449 1065 motu
464 1046 541 1070 proprio
556 1045 685 1064 decernimus:

227 1078 241 1096 1.
257 1078 337 1102 Collegii
353 1077 464 1096 candidatos
479 1077 565 1095 Minister
584 1077 680 1102 generalis
699 1076 795 1095 cardinali
813 1076 861 1095 Poe>

188 1109 295 1128 nitentiario
310 1103 376 1128 maiori
389 1108 510 1133 designabit:
526 1115 560 1127 eos
575 1108 667 1132 probandi
682 1112 702 1126 et
716 1108 734 1126 in
749 1107 860 1132 Collegium

188 1141 291 1165 eooptandi
305 1140 367 1159 eidem
382 1139 479 1159 Cardinali
494 1140 523 1158 ius
537 1144 583 1158 esto.
