921 1304
174 41 204 56 ‘108
420 41 444 56 Ex
455 42 538 56 Sacri-turia
549 42 598 56 Status

173 101 198 114 ac
211 99 264 114 tutos
278 96 368 119 praebeat
386 102 421 120 pro
438 96 514 120 integro
530 96 642 115 eorumdem
661 103 739 115 onerum
754 96 844 121 adimple-

175 130 246 145 mento.
262 126 320 150 Quod
335 127 350 145 si
365 126 428 151 aliqua
442 127 557 145 condonatio
575 133 600 145 ex
614 131 656 146 toto
670 127 699 145 vel
713 134 738 146 ex
753 132 812 152 parte,
828 128 842 146 si

173 158 203 176 eis
217 158 334 176 satisfactum
349 164 386 177 non
406 158 466 179 fuerit,
481 158 511 176 vel
526 158 610 176 reductio
629 165 664 183 pro
678 159 746 180 futuro,
766 159 806 177 sive
820 158 844 177 ad

173 193 250 213 ternpus
264 189 304 207 sive
319 189 338 207 in
352 193 471 213 perpetuum,
487 189 610 208 concedenda
624 189 715 211 videatur.
731 190 750 208 id
764 190 844 208 Ordina-

173 220 213 238 rius
228 220 289 239 facere
303 220 378 244 poterit,
396 220 484 239 omnibus
503 225 567 239 tamen
585 221 731 239 circumstantiis
745 225 764 239 et
783 221 844 240 causis

174 251 301 270 consideratis
315 256 334 270 et
349 252 453 276 perpensis.
650 252 654 255 ⁴

189 296 210 315 Β.
226 307 237 310 -
253 302 374 315 FACULTATES
388 303 414 315 DE
430 302 489 315 REBUS
503 303 603 315 uomLmus
618 303 641 315 ΕΤ
658 302 830 316 ΕΟΝΒΠΕΤῘΟΝΙΒΠΞ.

216 339 295 363 Insuper
308 339 377 357 eadem
391 339 487 358 Sanctitas
501 339 540 358 Sua
553 339 681 364 praelaudatis
698 339 804 358 Ordinariis
819 339 845 357 in-

175 370 284 394 frascriptas
303 370 391 389 concedit
409 370 513 391 facultates,
531 370 598 394 quibus
612 371 652 389 sive
671 377 705 395 per
719 377 740 389 se
754 371 794 389 sive
811 376 845 395 per

175 402 266 420 vicarium
281 402 299 420 in
317 401 446 426 spiritualibus
465 401 580 426 generalem,
596 402 636 420 sive
654 408 688 426 per
702 401 748 420 alias
767 402 845 420 idoneas

174 433 315 451 ecclesiasticas
329 439 421 457 personas
435 433 459 451 ad
474 432 515 454 hoc,
531 433 588 451 etiam
602 433 727 454 habitualiter,
739 432 845 457 specialiter

175 463 336 489 subdelegandas‚
352 464 378 482 uti
392 464 442 482 licite
456 467 476 482 et
489 463 548 482 libere
562 463 642 482 valeant.

505 506 518 525 1.

220 547 248 565 18.
263 546 382 571 lndulgendi
394 546 546 565 christifidelibus
561 550 581 564 ut
597 553 627 565 res
642 546 760 568 annonarias,
775 546 846 564 fructus

175 582 244 599 terrae,
260 584 291 596 res
305 578 390 599 mobiles,
405 578 435 596 vel
450 578 498 596 inter
513 577 592 596 mobiles
606 577 764 599 adnumerandas.
778 577 802 596 ad
816 584 846 596 ec-

176 609 245 628 clesias
261 613 293 627 aut
312 609 354 628 loca
372 609 403 633 pia
421 613 535 633 spectantes.
552 613 572 627 et
591 615 602 627 a
621 608 720 627 Gubernlo
738 613 845 633 usurpatas,

175 641 273 665 acquirere
292 640 343 659 licite
361 640 441 661 valeant,
462 645 535 659 remoto
554 640 657 664 prudenter
675 639 771 661 scandalo.
789 644 846 664 atque

175 676 256 697 erogata
270 671 334 696 aliqua
348 672 471 695 eleemosyna
481 671 544 690 favore
559 671 670 695 praesertim
680 671 802 689 ecclesiarum
813 677 845 690 seu

176 709 307 728 personarum,
323 702 346 721 ad
356 709 404 727 quas
418 709 449 721 res
463 703 515 727 ipsae
525 703 642 727 spectabant,
658 703 682 720 ab
693 702 796 721 Ordinatio
806 702 846 720 sive

175 740 187 752 a
202 734 329 758 subdelegato
338 734 427 755 taxanda,
443 738 537 758 quatenus
546 734 627 752 emerint
636 734 698 758 pretio
712 733 763 758 quod
776 733 846 752 iudicio

176 765 272 784 Ordinarii
287 769 321 783 aut
335 765 454 789 subdelegati
473 765 528 783 fuerit
543 765 605 783 minus
619 764 678 783 iusto:
694 764 720 782 ita
735 768 810 785 tamen,
826 768 846 782 ut

176 796 192 814 si
207 800 275 821 agatur
289 796 313 814 de
329 796 385 814 rebus
404 802 452 820 quae
470 802 508 814 non
527 795 564 814 sint
578 802 612 813 usu
629 795 791 820 consumptibiles,
807 796 846 814 sive

175 833 226 851 quae
240 827 334 845 servando
349 827 419 845 servari
434 828 513 851 possint,
524 833 589 845 earum
604 833 665 845 rerum
680 827 780 845 elenchum
791 827 846 846 Ordi-

177 859 231 877 nario
245 859 320 877 tradere
330 863 428 883 emptores
439 862 544 879 teneantur.
555 862 575 876 et
588 858 649 882 parati
664 858 701 876 sint
715 864 748 877 eas
762 858 846 882 quando-

176 895 258 914 cumque
272 889 362 911 eeclesiis.
378 896 411 908 seu
425 889 472 908 locis
489 889 530 913 piis,
546 893 624 913 recepto
641 889 703 907 soluto
718 889 779 913 pretio
794 890 846 908 resti-

176 925 240 942 tuere;
255 925 275 939 et
289 921 373 939 curando
388 927 422 945 pro
436 921 511 941 viribus,
528 925 547 939 ut
562 920 694 945 supellectiles,
704 926 751 939 vasa
760 927 782 939 ac
795 925 846 939 uten-

176 952 218 971 silia
233 958 286 971 sacra
300 952 319 970 in
334 958 388 970 usum
402 952 480 970 aliarum
490 952 611 970 ecclesiarum
626 952 767 973 transferantur,
783 952 845 971 necin

177 990 222 1002 usus
237 984 326 1008 profanos
340 987 466 1002 assumantur.

503 1024 524 1042 11.

221 1071 249 1088 ¹9·
264 1064 382 1083 Providendi
390 1065 425 1083 sub
434 1064 502 1082 iisdem
512 1064 653 1082 conditionibus
663 1068 683 1082 ut
693 1070 756 1088 supra,
764 1067 784 1082 et
794 1069 846 1088 prae-

176 1096 207 1114 via
221 1102 288 1114 eorum
302 1095 422 1114 absolutione
437 1101 480 1114 cum
495 1101 580 1120 congrua
595 1095 712 1119 poenitentia
725 1095 809 1116 salutari,
825 1095 846 1113 iis

177 1127 209 1151 qui
223 1127 301 1145 easdem
315 1133 346 1145 res
360 1127 398 1145 iarn
412 1126 498 1146 emerint.
