921 1304
379 58 459 73 nonomen,
729 59 747 76 ⁴5

76 118 120 130 mae
135 112 186 137 apud
201 112 219 130 Si
231 112 349 133 Anselmum,
360 112 428 136 synodi
443 112 568 131 celebrandae
582 119 639 131 causa
653 113 747 134 adessent.

75 144 136 162 unitis
150 143 234 162 consiliis
249 144 267 162 S⁴
278 143 301 162 V,
317 143 462 168 supplicandum
476 149 519 162 esse
533 148 653 164 censuerunt,
669 148 689 162 ut
706 144 749 168 Ipsa

74 175 150 193 Abbati
164 174 240 193 Primati
255 175 279 193 ad
293 175 364 193 bonum
379 174 457 193 Ordinis
471 175 622 199 promovendum
637 179 748 199 sequentem

74 206 162 230 benigne
175 205 267 224 tribueret
280 205 394 227 facultatem,
409 205 534 224 transferendi
548 206 620 224 scilieet
634 206 658 224 ab
673 212 710 224 una
724 205 748 224 ad

74 236 157 255 alteram
175 237 345 261 congregationem
365 237 478 255 monachum
495 237 651 258 consentientem,
666 243 749 255 annuen-

74 268 129 286 tibus
143 272 223 292 utroque
237 268 319 289 Abbate,
335 267 406 287 scilicet
419 268 515 287 Abbatiae
529 274 540 286 a
554 274 593 293 qua
611 273 631 287 et
645 269 668 287 ad
683 274 747 293 quam,

74 306 98 318 ac
114 299 197 324 capitulo
212 300 321 318 monasterii
336 300 360 318 ad
375 300 426 324 quod
441 299 461 318 fit
471 300 566 318 transitus.

119 331 145 349 Et
159 331 239 350 Deusffl.

119 362 192 387 Vigore
206 361 315 386 specialium
330 362 440 381 facultatum
454 369 466 381 a
480 362 540 381 ssmo
555 363 599 381 Dfio
614 363 685 381 Nostro
705 369 750 381 con-

73 400 175 412 cessarum
190 393 248 412 Sacra
263 393 394 418 Cungregatio
408 393 499 412 Eiiiorurn
519 400 541 412 ac
555 394 646 412 Rmorum
662 394 680 412 S.
691 394 714 412 R,
726 394 748 413 E.

74 424 208 443 Cardinalium
224 424 306 449 negotiis
320 428 340 443 et
349 424 520 443 consultationibus
534 425 673 449 Episeoporum
684 429 704 443 et
713 425 750 443 Re-

74 456 174 480 gularium
188 455 301 480 praeposita,
317 456 394 474 attentis
408 456 507 480 expositis,
523 456 607 481 benigne
628 456 694 475 annuit
708 462 750 481 pre-

74 487 133 505 cibus
147 487 227 505 oratoris
244 487 262 505 in
279 487 368 505 omnibus
386 488 439 506 iuxta
453 487 518 511 petita.
533 487 613 506 durante
632 487 690 512 ipsius
709 493 749 506 ora>

74 518 126 537 toris
140 524 223 537 munere.
239 518 344 537 Contrariis
359 518 510 542 quibuscumque
525 525 562 537 non
577 518 703 537 obstantibus.

120 549 199 571 Romae,
216 555 237 568 21
255 549 368 568 Decembris
385 555 439 573 1907,

246 593 270 612 D.
286 593 342 612 Card.
358 593 455 614 FERRATA,
470 593 583 617 Praefectus.

415 625 447 644 Ph.
462 624 550 646 Giustiniv
566 625 689 643 Semtarius.

228 676 599 690 ψ

184 735 222 763 Ex
238 735 262 763 S.
274 734 511 763 coNGREGATmNE
527 734 648 763 CONCILII

349 779 482 793 —34—

255 820 398 839 ΒΟΝΟΝΙΕΝ,
414 826 437 839 m·
452 819 573 838 ALIARUM

315 862 436 874 ITERATzoNJS
451 862 517 874 MISSAE

204 904 231 921 De
243 904 362 921 moderanda
373 905 416 925 lege
428 903 535 920 binni-ionis
547 903 626 920 Missae.

122 954 191 973 Gravis
205 954 292 978 quaestio
306 953 330 972 de
345 953 416 972 Missae
427 953 532 974 iteratione,
543 959 592 978 quae
607 953 644 971 iam
658 953 751 972 anteacu‘s

79 985 200 1010 temporibus
214 991 252 1004 non
266 985 325 1004 semel
340 985 413 1009 agitata
426 985 466 1006 fuit,
482 985 538 1003 hodie
553 985 670 1009 praesertim,
685 985 710 1003 ob
720 990 751 1009 pe-

78 1017 159 1035 culiaria
173 1022 236 1035 rerum
250 1022 272 1035 ac
286 1020 393 1040 temporum
408 1016 506 1037 adiuncta,
523 1016 541 1034 in
560 1016 615 1040 praxi
634 1016 715 1034 maiores
729 1022 751 1034 ac

78 1048 219 1072 frequentiores
233 1047 337 1072 praesefert
351 1046 476 1066 difficultates.
493 1047 588 1070 Quocirca
602 1047 671 1065 sactum
688 1050 718 1065 est
732 1051 752 1065 ut

80 1078 167 1098 nonnulli
181 1079 265 1097 locorum
280 1078 376 1097 Ordinarii
391 1084 415 1096 ex
429 1078 501 1096 dissitis
518 1079 574 1096 etiam
589 1078 705 1102 regionibus.
720 1084 752 1096 an-

80 1111 150 1135 cipites
164 1110 269 1129 existentes
282 1110 301 1128 in
315 1109 439 1128 concedenda
455 1109 485 1128 vel
504 1109 618 1134 deneganda
636 1109 707 1128 Missae
726 1109 752 1128 bi-

81 1142 166 1162 natione,
182 1147 278 1160 recursum
292 1140 399 1159 habuerunt
412 1140 437 1158 ad
451 1140 500 1159 hane
514 1140 532 1159 S.
548 1140 570 1159 C*
586 1146 621 1165 pro
640 1140 753 1165 opportunis
