921 1304
178 26 195 40 ιε
479 26 545 45 Epistola

435 93 586 113 EPISTOLA

176 132 220 155 Qua
232 133 321 151 Pontifex
333 131 442 154 gratulatur
457 134 481 150 de
496 134 569 155 nuptus
586 134 645 154 reg-nn
661 134 744 151 Gustavi
760 134 848 155 Adelphi

213 161 233 177 et
244 160 365 181 Margaritae
377 160 400 177 de
413 159 534 181 Connaugnt.

306 212 443 225 Aucusrlssmo
457 212 619 228 SEREMSSIMOQUE
633 212 714 225 PRINCIPI

466 243 525 256 osen
540 244 553 256 11

363 275 442 288 suzcuss
456 275 480 288 ετ
494 275 602 288 uoavmme
617 275 660 288 uzei

615 306 764 319 srocxnomxm

445 344 500 362 PIUS
515 344 548 362 PP.
565 344 583 362 X

275 381 294 399 A
298 381 418 405 ugustissz'me
432 387 453 398 ac
466 381 583 399 serenissime
597 380 646 401 Rex.
660 381 745 399 salutem.

218 430 273 453 Quae
287 429 343 449 bona.
359 429 420 447 fausta
434 434 456 447 ac
470 428 514 447 felix
528 428 594 453 procul
609 429 666 447 dubio
681 429 743 448 sutura
760 434 790 448 est
808 436 846 450 res,

177 460 254 479 affertur
268 460 312 478 illud
327 460 388 478 Nobis
402 459 496 484 Regalem
510 460 649 479 Celsitudinem
664 460 722 479 Suam
739 461 846 479 Gustavurn

177 491 293 516 Adolphum,
308 491 376 510 ducem
391 491 415 509 de
430 491 504 511 Scania,
520 491 626 510 Maiestatis
640 492 694 510 Tuae
709 498 719 510 e
734 492 848 510 Celsissimo

177 522 226 541 Filio
244 522 330 546 Principe
349 522 431 540 haerede
451 522 515 547 Regni
534 526 632 546 nepotem,
652 522 740 541 initurum
758 523 847 547 proxime

178 554 253 578 nuptias
266 560 308 572 cum
319 553 386 578 Regali
397 553 514 571 Celsitudine
524 553 563 571 Sua
573 553 678 578 Margarita
687 554 712 572 de
722 554 844 579 Connaught.

178 583 304 604 Communem
318 585 392 603 duabus
406 584 554 609 Augustissimis
569 584 663 603 Domibus
675 589 771 606 eventum,
781 591 848 609 quem-

177 616 281 635 admodum
295 620 324 634 est
338 616 381 634 Tibi
396 622 418 634 ac
433 615 524 634 Familiae
537 615 605 640 Regali
615 616 668 634 Tuae
678 616 848 634 vehementissime

177 654 247 668 carum,
263 648 289 666 ita
304 647 364 665 Nobis
374 647 455 665 iucunde
465 647 564 671 contingit,
581 647 675 670 Quocirca
685 647 781 666 Maiestati
791 647 848 666 Tuae

177 678 234 703 pleno
248 685 272 697 ex
286 678 350 697 animo
364 678 487 703 gratulamur,
503 678 521 696 id
536 678 590 696 simul
608 678 739 702 adprecanres,
758 683 778 696 ut
796 678 848 697 latos

176 710 220 728 Tibi
235 716 270 734 pro
283 709 373 728 felicitate
387 709 441 734 regni
456 709 531 727 labores
545 709 629 727 laetabili
648 709 734 728 fortunae
748 716 803 728 cursu
818 716 847 728 re-

177 745 264 760 muneret
278 741 337 759 Deus.
353 741 403 759 Vota
417 746 463 759 vero
477 745 534 765 atque
549 744 615 765 optata
630 747 738 765 nuncupare
754 747 789 765 pro
804 740 848 759 Cel-

177 773 256 792 sissimis
270 773 351 797 Sponsis
365 776 475 797 pergratum
489 776 528 793 est:
544 772 582 796 qui,
598 772 619 793 si.
636 772 679 791 Deo
693 773 741 791 bene
756 772 844 796 propitio.

177 808 254 823 utantur
267 807 287 822 et
300 804 339 822 vita
353 807 373 822 et
386 802 452 821 sobole
467 802 522 824 felici,
538 803 556 821 id
567 809 605 821 non
615 803 655 821 sine
665 803 753 822 catholici
766 803 848 821 utilitate

177 835 243 860 populi
257 842 299 854 esse
314 841 370 860 posse
385 834 512 859 intelligimus.
533 834 661 858 Omnipotens
679 835 751 853 interea
770 835 846 853 Numen

177 873 283 888 exoramus,
299 866 343 885 velit
358 870 378 884 ut
392 866 434 884 Tibi
450 865 575 890 peroptabilia
590 866 654 884 omnia
663 865 734 891 largiri.
745 866 847 890 Tuamque

177 898 296 916 Maiestatem
307 901 363 921 atque
374 897 482 921 Augustam
493 896 592 915 Familiam
602 903 678 915 omnem
689 901 708 915 et
718 903 778 916 novos
788 897 847 915 maxi-

177 935 207 947 me
215 929 301 953 Sponsos
311 928 422 953 perfectiore
433 934 509 952 semper
519 928 624 947 Nobiscum
635 929 712 947 caritate
722 929 847 953 coniungere>

217 961 288 979 Datum
303 960 376 978 Romae
391 959 441 984 apud
456 959 474 978 S.
486 959 568 980 Petrum,
581 959 613 978 die
623 966 655 978 xix
665 959 712 978 Iunii
722 966 738 978 a.
750 965 847 981 unccccv,

176 992 298 1011 Pontii-leatus
313 991 377 1010 Nostri
392 991 482 1010 secundo.

442 1036 497 1055 PIUS
512 1036 546 1054 121².
562 1036 581 1054 X
