921 1304
168 57 177 72 ⁸
418 58 484 73 Lr'ueru
494 58 586 77 Apostolicu

167 112 248 130 ruthena
262 112 314 130 iuxta
328 112 402 136 praxim
416 116 436 131 et
450 117 527 131 normas
540 112 657 133 dioeceseos.
672 112 691 130 in
706 112 759 131 cuius
768 112 841 131 finibus

167 143 292 161 communitas
306 143 406 162 invenitur.

207 174 249 192 Art.
265 174 309 194 XX.
329 174 371 192 Iura
388 174 447 193 stolae
462 178 481 193 et
494 174 623 193 emolumenta
639 175 687 193 sacri
706 174 803 193 ministerii
818 175 839 193 in

166 205 247 230 singulis
257 205 377 224 missionibus
386 205 531 224 determinanda
538 210 582 224 sunt
589 206 613 224 ab
621 205 724 224 Ordinatio
734 206 775 227 loci¹
784 205 840 225 iuxoe.

166 236 313 255 consuetudines
328 236 404 258 locales,
420 237 485 255 audito
499 237 597 261 Episcopo
611 237 685 255 rutheni
700 237 752 255 ritus.

452 304 513 317 CAPUT
528 305 549 317 111

380 343 410 361 De
417 342 510 367 fidelibus
524 342 616 362 ruthenis.

205 392 247 410 Art.
263 392 315 410 XXI.
337 391 413 410 Fideles
433 392 508 410 rutheni
523 392 545 410 iis
560 392 578 410 in
593 392 640 410 locis
658 392 676 410 in
695 392 764 416 quibus
785 392 839 411 nulla.

164 423 245 442 ecclesia
260 429 294 442 nec
308 423 398 442 sacerdos
412 423 459 441 ritus
473 429 538 442 eorum
553 423 650 444 habeatur,
662 423 705 441 ritui
719 423 778 442 latino
792 429 838 442 sese

164 454 318 475 conformabunt;
333 455 399 479 eisque
414 455 507 473 eiusmodi
522 454 601 473 facultas
615 455 725 473 conceditur
734 455 792 473 etiam
802 455 836 473 ubi

163 490 242 511 propter
256 486 416 511 longinquitatem
431 485 524 505 ecclesiae
538 492 584 504 suae
599 491 637 504 non
651 491 694 504 eam
709 486 782 510 possint
799 486 837 504 nisi

163 523 206 536 cum
220 517 274 542 gravi
288 517 412 536 incommodo
426 517 488 536 adire:
508 517 554 541 quin
568 521 631 535 tamen
646 523 671 535 ex
685 517 720 535 hoc
735 517 782 536 ritus
796 523 838 536 mu-

163 549 210 568 tatio
224 549 330 568 inducatur.

144 578 147 582 “
203 580 245 599 Art.
256 580 316 599 XXII.
332 580 386 599 Laici
396 580 477 601 rutheni,
487 580 518 604 qui
533 586 599 598 verum
609 584 628 598 et
638 580 705 598 stabile
717 580 835 598 domicilium

162 612 180 630 in
195 611 310 630 Civitatibus
324 611 437 630 Foederatis
451 611 592 632 constituerint,
608 611 688 629 transire
710 615 790 635 possunt
809 612 835 630 ad

162 642 219 661 ritum
234 642 317 664 latinum,
328 643 407 661 obtenta
417 646 480 661 tamen
495 642 551 666 prius,
563 642 581 661 in
591 641 671 667 singulis
686 642 767 664 casibus,
778 642 838 661 venia.

162 674 285 699 Apostolicae
299 674 361 693 Sedis.

202 706 244 725 Art.
259 705 329 724 XXIII.
352 705 371 724 Si
392 705 493 730 contingat
513 709 534 723 ut
550 705 568 723 hi
587 705 702 730 quandoque
719 705 737 723 in
752 705 833 729 patriam

161 741 284 758 revertantur.
300 741 343 755 tunc
358 736 393 755 etsi
408 743 432 755 ex
447 736 545 755 Pontificio
564 736 657 761 rescripto
678 736 733 755 ritum
753 736 835 754 latinum

161 769 285 793 susceperint,
300 768 363 786 licebit
377 768 410 788 eis.
422 767 534 792 Apostoliea
544 767 594 786 Sede
604 772 687 788 exorata.
700 767 723 786 ad
733 767 833 792 pristinum

161 800 217 818 ritum
232 800 298 818 redire.

200 830 242 849 Art.
258 830 329 849 XXIV.
345 830 387 848 Non
403 830 446 848 licet
462 830 585 849 missionariis
595 829 662 850 latinis,
676 829 712 847 sub
726 829 793 854 poenis
807 829 834 847 ab

160 861 273 886 Apostolica
286 861 337 880 Sede
351 861 484 882 decernendis,
499 861 608 885 quempiam
623 860 731 879 Ruthenum
750 860 775 879 ad
789 860 833 879 lati-

161 899 205 911 num
219 893 275 911 ritum
289 892 442 917 amplectendum
457 892 552 910 inducere.

200 924 241 942 Art.
257 924 319 942 XXV.
335 923 410 943 Fideles
425 923 505 944 rutheni,
520 923 578 942 etiam
593 923 611 941 in
626 923 672 942 locis
690 923 759 947 quibus
777 923 834 942 adest

159 956 260 981 presbyter
273 955 348 973 rutheni
362 955 420 976 ritus,
435 954 487 979 apud
502 955 620 973 sacerdotem
641 954 720 973 latinum
737 955 761 972 ab
776 954 833 973 Ordi*

159 988 212 1006 nario
227 988 262 1006 loci
277 987 403 1011 approbatum
420 990 499 1010 peccata
518 992 551 1005 sua
570 986 666 1007 confiteri.
682 990 702 1004 et
717 986 831 1004 beneficium

158 1018 300 1037 sacramentalis
314 1017 439 1036 absolutionis
453 1017 516 1035 valide
526 1021 545 1036 et
554 1017 604 1035 licite
619 1017 706 1036 obtinere
716 1022 802 1041 possunt.

199 1050 263 1068 Sciant
277 1053 340 1068 autem
356 1049 465 1067 sacerdotes
480 1048 554 1067 rutheni
569 1049 621 1070 ritus.
634 1054 725 1067 censuras
738 1052 758 1067 et
772 1054 832 1067 reser-

157 1081 244 1099 vationes
265 1086 342 1099 casuum
357 1080 376 1098 in
390 1080 480 1101 dioecesi,
495 1080 514 1098 in
529 1086 566 1104 qua
587 1080 712 1098 ministerium
733 1083 830 1101 exercent,

157 1112 197 1130 sive
212 1112 300 1137 vigentes
314 1111 354 1130 sive
368 1111 467 1132 ferendas.
482 1111 553 1129 clerum
569 1111 627 1130 etiam
642 1115 661 1129 et
676 1110 766 1135 populum
781 1110 831 1129 eius-

158 1143 202 1161 dem
216 1143 289 1161 rutheni
304 1142 351 1160 ritus
365 1142 446 1161 afficere.
