921 1304
195 39 214 49 πο
496 37 561 55 Epistola

453 117 601 137 EPISTOLA

195 170 238 192 Qun
249 171 295 188 Plus
303 171 323 187 X
334 171 420 188 laetatur
431 171 455 187 de
466 171 534 187 habito
543 170 629 188 Concilio
637 171 753 188 Provinelali
761 171 863 192 But-gensi.

428 230 541 243 VENERAmm
557 230 626 243 FRATRI

287 261 384 274 GREGORIO
398 261 470 274 MARIAE
484 261 632 274 Ancmzl’xscovo
647 261 767 274 BURGENSfflM

612 293 690 306 BURGUM
705 293 730 305 DE
744 293 781 306 OCA

459 336 515 354 PIUS
530 336 564 354 PP.
580 336 599 354 X

227 377 343 396 Venerabilis
349 377 425 397 Frater,
437 377 515 395 salutem
525 379 542 395 a}
553 377 572 395 A
573 376 680 400 postolt'cam
689 377 834 395 benedictionem.

234 440 297 464 Quem
312 439 430 463 Burgensem
445 439 554 457 Antistitem
565 445 621 457 manu
635 443 708 457 tantum
718 439 799 457 Romani
815 439 864 457 Pon-

193 472 249 490 tificis
263 470 368 496 regendum
383 470 471 488 Urbanus
485 470 501 488 11
518 470 558 488 dec.
578 470 647 488 Noster
663 470 732 490 edixit.
752 476 796 488 eum
814 470 863 492 Nos,

187 503 212 527 *in
227 508 259 521 tua
273 502 331 527 digne
346 508 427 526 persona
441 506 600 526 perseverantem,
616 501 700 519 eiusdem
715 501 810 520 Pontificis
825 502 865 520 Ro-

194 535 243 553 mani
258 540 305 552 voce
320 533 455 551 dilaudandum
469 533 587 551 arbitramur.
605 532 625 551 Si
639 533 684 557 quid
698 533 748 551 enim
768 533 819 551 laudi
834 540 863 552 or-

194 569 321 589 namentoque
335 568 365 582 est
378 570 432 583 sacro
447 563 497 582 clero
511 563 637 584 tribuendum,
653 564 671 582 id
680 561 814 582 'indubitanter
830 571 864 583 vo·

194 597 262 617 luntas,
277 596 296 614 id
310 602 334 614 eo
348 595 377 614 vel
393 595 454 620 magis
464 595 547 613 sollertia
557 599 591 615 est,
602 594 652 613 unde
667 595 710 613 fidei
725 595 813 616 tuendae,
829 596 865 614 rel-

194 628 298 653 ligionique
319 633 354 651 pro
375 631 481 651 temporum
503 626 580 650 ingenio
598 626 742 650 amplificandae
756 627 863 646 adlaborat.

194 659 233 677 lam
248 659 282 677 has
298 658 346 677 tales
362 658 395 676 tibi
412 657 542 676 decernendas
560 657 635 681 publice
651 664 694 676 esse
713 658 865 683 significationes

194 690 276 711 honoris,
292 693 334 708 acta
348 689 419 708 docent
432 693 452 707 et
466 689 542 707 decreta
557 688 637 707 Concilii
647 689 768 708 Provincialis
778 690 864 714 Burgen-

194 722 220 740 sis
235 721 295 745 primi,
311 725 344 739 tuo
358 720 420 739 studio
435 720 502 740 coacti.
517 720 592 744 tuisque
607 720 689 739 maxime
704 721 793 745 auspiciis
806 721 864 740 abso·

193 752 227 771 luti
242 756 298 777 atque
313 752 364 770 editi.
386 751 457 770 Gravia
471 751 548 775 quidem
562 756 582 770 et
596 758 638 769 cum
653 751 733 770 utilitate
747 752 863 776 populorum

193 784 279 808 apprime
297 783 398 802 coniuncta
412 783 492 801 Concilii
506 789 564 807 opera
583 783 670 804 extitere:
692 789 741 808 quae
756 790 802 802 sane
816 784 863 803 dum

193 815 295 834 libentibus
309 814 435 833 delibaremus
450 814 514 835 oculis,
530 814 594 832 animo
607 814 665 832 etiam
680 814 756 833 laetanti
770 815 864 834 intellexi-

194 853 240 865 mus.
256 846 311 864 Num:
325 850 395 867 autem.
411 846 478 864 revisis
491 852 502 864 a
517 846 586 864 Sancta
601 845 651 864 Sede
665 846 751 867 decretis,
762 846 864 865 admitten-

193 877 238 896 dum
253 877 360 895 executioni
374 881 409 897 est,
424 883 481 901 quam
495 877 572 901 quidem
587 876 686 901 multiplex
695 877 745 895 vitae
757 877 864 901 pietatique

193 913 267 927 vestrae
288 908 391 932 parituram
404 907 444 926 sore
465 907 613 926 emolumentum
635 908 751 926 confidimus.
771 908 864 933 Egregiis

193 944 257 958 autem
276 939 392 958 deducendis
406 939 430 957 ad
445 945 499 957 usum
514 939 570 957 rebus
589 939 669 957 eandem
688 945 723 958 vos
743 939 864 958 adhibituros

193 971 312 990 sedulitatem
327 975 379 989 certo
396 976 503 995 speramus.
518 976 575 994 quam
592 970 657 989 afferre
676 970 701 989 ad
717 970 862 990 deliberandum

193 1002 295 1021 studuistis.
307 1002 334 1020 At
343 1002 432 1026 quoniam
442 1002 578 1020 incrementum
589 1001 622 1020 dat
632 1002 690 1023 Deus,
703 1002 728 1021 illi
737 1003 863 1022 vehementes

192 1040 204 1052 a
218 1033 278 1051 Nobis
292 1033 394 1052 convolant
408 1039 484 1057 preces,
500 1033 533 1051 tibi
548 1037 568 1051 ut
582 1033 641 1051 facilis
655 1040 677 1052 ac
691 1033 789 1058 propitius,
804 1041 862 1058 quem

193 1064 217 1083 ad
232 1065 326 1083 actionem
341 1068 359 1082 te
374 1064 438 1085 dedes,
453 1064 544 1088 adspiret,
555 1068 666 1088 ceterosque
676 1065 792 1083 eProvincia
807 1065 863 1084 Prae-

193 1095 244 1114 sules
258 1095 313 1114 simili
326 1096 429 1120 gratiarum
445 1101 522 1114 munere
537 1095 619 1114 adiuvet.
634 1096 665 1114 Ad
682 1096 729 1115 haec
748 1100 816 1115 testem
831 1097 864 1116 be-

194 1126 313 1145 nevolentiae
327 1127 409 1145 Nostrae
426 1131 446 1145 et
464 1126 525 1145 solatii
544 1126 631 1145 caelestis
649 1128 745 1152 auspicem
765 1128 863 1152 Apostoli-
