921 1304
186 64 213 77 ¹⁴4
354 59 379 73 fix
390 59 405 73 s.
415 59 430 73 c.
440 59 546 78 Episcoporum
557 61 571 72 ιι
582 58 679 78 κεμιανῐωη

183 112 220 131 sibi
236 113 361 132 constituerit.
376 112 447 131 Verum
462 112 513 131 haud
527 113 652 137 acquiescens
666 113 686 131 P.
701 113 750 134 Sis6,
765 112 790 131 ad
804 113 853 131 hanc

185 143 204 162 S.
220 144 241 162 C.
257 150 353 163 recursum
368 144 442 165 obtulit,
458 148 478 162 ut
489 144 624 163 decerneretur
633 143 782 163 declarationem
792 144 854 162 deser-

184 175 242 193 tionis
256 179 275 193 et
289 175 423 200 subsequentis
436 175 567 200 suspensionis
577 181 614 194 non
625 175 718 196 sustineri.
729 175 854 199 expostulans

185 206 260 225 insimul
276 211 296 225 ut
310 207 346 225 sibi
355 207 379 225 ad
391 211 466 231 tempus
475 207 611 225 concederetur
620 207 682 231 gratia
692 206 771 225 Sacrum
781 206 854 225 litandi.

226 238 384 258 Deductioues.
396 238 415 256 P.
424 238 467 257 Sis6
477 238 506 256 ius
516 244 570 256 suurn
580 237 645 256 fulcire
656 238 725 258 nititur.
736 237 855 257 contendens

184 275 211 287 ex
225 275 263 288 una
276 273 330 294 parte
345 270 363 288 in
378 269 440 288 allatis
454 269 536 287 decretis
554 269 668 287 desertionis
686 273 705 287 et
723 269 854 294 suspensionis

186 299 284 325 illegitime
299 301 382 319 invocari
392 300 526 319 auctoritatem
536 300 668 325 Delegationis
680 300 805 325 Apostolicae
815 300 855 319 Me-

185 332 272 352 xicanae,
287 338 337 357 quae
351 336 396 351 tunc
410 338 450 351 rem
465 338 500 351 nec
515 336 603 352 noverat:
621 338 646 351 ex
660 332 719 350 altera
732 338 779 350 vero
793 332 854 357 ipsam

186 363 300 382 sententiam
310 364 329 382 in
339 370 359 382 se
370 368 475 388 spectatam
485 370 528 382 esse
537 363 632 384 iniustam,
640 369 698 388 quum
707 363 747 388 ipse
758 369 855 388 nunquam

185 394 282 419 acceperit
300 401 364 413 veram
382 399 401 413 et
420 395 496 419 proprie
515 395 585 413 dictam
605 395 728 413 monitionem
747 394 855 413 revertendi

185 425 210 444 ad
225 425 333 450 religiosam
348 426 367 445 S.
383 426 482 451 Hippolyti
497 426 581 445 domurn.
603 426 660 449 Quod
674 426 690 444 si
706 426 856 444 saecularizatio-

187 463 231 475 nem
245 461 356 481 perpetuam
370 458 484 482 impetravit.
499 457 552 478 haec.
562 461 629 481 utpote
642 457 679 476 sub
692 457 746 482 gravi
761 461 812 475 metu
824 463 856 475 ex—

185 488 278 513 pulsionis
292 489 376 510 obtenta.
392 488 460 507 nullius
474 489 544 507 valoris
558 493 588 507 est
601 489 702 507 censenda.

227 520 257 538 Ex
270 520 353 538 adverso
367 524 478 544 procurator
496 519 591 545 generalis
610 519 767 544 congregationis
781 519 855 538 Missio·

187 551 282 570 nariorum
296 552 315 570 in
330 558 374 570 casu
389 552 462 576 probat.
476 551 596 570 documentis
605 551 690 576 prolatis,
701 551 721 570 P.
731 551 774 569 Sis6
785 551 855 569 nedum

186 583 272 607 ineptum
287 589 329 601 esse
344 583 368 601 ad
382 583 469 607 regimen
484 583 518 601 sed
532 587 552 601 et
566 583 589 601 ad
609 583 667 601 vitarn
686 582 795 607 religiosam
813 588 856 607 pro-

187 614 304 639 sequendam
319 615 410 638 imparem
425 614 514 633 evasisse.
535 614 645 632 Auctoritas
659 620 705 632 vero
722 613 856 638 Delegationis

186 645 297 669 Apstolicae
313 651 350 664 non
367 645 391 663 ad
410 645 446 664 hoc
465 646 553 664 invocata
571 645 610 666 suit,
631 649 651 663 ut
665 645 684 663 P⁴
700 645 743 664 Sis6
757 645 856 670 transfuga

187 676 315 695 declararetur
329 681 348 695 et
363 683 474 701 suspensus;
491 683 534 695 nam
549 677 573 695 ad
587 677 667 701 primum
678 676 784 695 sufficiebat
793 681 857 695 aucto>

187 708 233 726 ritas
248 708 361 729 monastica;
378 708 457 727 alterurn
471 713 500 726 est
515 708 570 732 primi
585 708 693 726 necessaria
708 708 855 732 consequentia:

187 739 221 758 sed
236 739 336 758 dumtaxat
350 740 373 758 ad
388 740 424 758 hoe
440 744 459 758 ut
477 740 591 758 monitiones
609 740 718 760 canonicae,
738 739 807 763 quibus
827 739 856 758 ille

187 770 212 788 ad
226 771 354 789 obedientiam
369 775 496 792 revocaretur,
512 771 602 789 maiorem
612 770 681 789 exinde
691 771 729 789 vim
741 770 855 795 acciperent„

187 801 287 820 Praeterea
296 802 314 820 in
322 801 372 820 linea
379 802 457 820 iuridica
463 802 513 820 idem
522 806 632 826 procurator
640 802 729 820 observat
736 802 793 826 quod,
804 802 857 820 iuxta

188 839 255 851 ornnes
269 838 362 854 auctores.
382 841 390 850 «
400 833 491 858 fugitivus
504 832 535 851 ille
545 833 620 857 proprie
630 832 699 851 dicitur
708 833 740 857 qui
750 832 774 850 ab
784 832 857 851 Ordine

188 864 217 882 vel
233 864 348 883 monasterio
363 864 403 883 sine
418 864 494 883 licentia
512 864 629 888 superiorum
649 870 726 882 suorum
743 864 814 882 recedit
832 864 857 882 ad

187 899 264 920 tempus
278 896 342 914 animo
356 895 440 920 vagandi
454 900 487 914 aut
501 900 555 914 extra
572 895 699 913 obedientiam
718 895 795 913 vivendi
814 901 857 913 cum

188 927 252 945 animo
264 931 327 945 tamen
342 927 433 946 redeundi
441 927 465 945 ad
473 926 611 951 religionem).
622 926 659 945 Csr.
668 926 773 951 Appeltern
785 926 856 950 (comp.

183 958 271 982 praelat,
287 958 339 977 iuris
353 958 449 983 regularis
463 959 485 976 Ρ,
501 958 561 979 Piati,
577 960 630 982 part.
644 963 664 982 J,
683 960 721 982 tap.
737 962 753 978 ι,
772 960 808 975 art.
822 959 856 982 j);

188 993 208 1008 et
222 990 307 1009 Ferraris
322 990 381 1015 (Bibl.
397 997 444 1011 can„
459 990 506 1008 verb,
522 990 631 1014 Apostasia,
646 996 665 1009 n.
679 988 719 1012 26),
739 989 771 1013 qui
790 989 856 1007 tradit:

192 1027 202 1038 ι
211 1021 231 1039 ln
247 1021 300 1046 praxi
315 1021 440 1040 communiter
454 1021 572 1045 accipiuntur
586 1024 605 1039 et
614 1024 718 1039 tractantur
728 1020 754 1038 uti
764 1019 803 1038 veri
813 1025 859 1044 apo-

188 1055 249 1070 statae
265 1052 341 1077 (quibus
354 1053 505 1077 aequiparantur
518 1051 606 1077 fugitivi),
621 1052 652 1076 qui
662 1055 716 1070 extra
726 1051 807 1069 claustra
817 1051 859 1069 sine

189 1084 307 1108 superiorum
322 1084 403 1104 licentia,
419 1083 484 1102 habitu
498 1083 556 1102 etiam
573 1086 647 1101 retento
661 1086 681 1101 et
695 1088 738 1100 cum
752 1082 817 1100 animo
831 1088 859 1100 re-

188 1114 260 1133 deundi
275 1115 299 1133 ad
313 1115 431 1140 religionem,
446 1119 541 1140 vagantur
550 1121 569 1134 ι,

231 1146 260 1165 Ex
275 1151 329 1171 parte
347 1153 381 1165 sua
400 1146 513 1167 Consultor,
533 1146 618 1170 quamvis
638 1145 731 1164 concedat
749 1145 860 1169 superiores
