921 1304
318 61 384 75 Limne
394 62 486 80 Apomlicaae
728 66 737 80 9

107 116 149 134 Art.
167 115 238 134 XXVI.
257 115 290 134 Ad
308 116 386 134 vitanda
404 116 471 141 gravia
492 116 613 135 incommoda
629 122 678 141 quae
692 117 736 135 inde

66 147 162 165 Ruthenis
171 147 247 166 evenire
257 151 341 171 possent,
352 146 430 166 facultas
440 148 468 166 eis
478 147 498 166 fit
507 148 548 166 dies
562 148 621 166 festos
634 152 654 166 et
668 148 737 166 ieiunia

65 178 181 196 observandi
196 178 249 196 iuxta
263 178 419 197 consuetudinem
433 178 519 197 locorum
533 179 552 197 in
566 179 636 203 quibus
656 178 734 204 degunt.

66 209 160 228 Attamen
174 209 242 228 diebus
255 209 361 231 dominicis,
376 214 396 228 et
409 209 461 228 festis
476 210 494 228 in
509 213 590 234 utroque
604 210 639 228 ritu
654 210 672 228 in
687 216 737 228 earn⁴

65 240 112 259 dem
126 240 178 259 diem
192 241 324 263 incidentibus,
339 247 404 259 sacrae
418 241 506 266 liturgiae
521 241 539 259 in
553 241 634 260 ecclesia
646 241 673 259 sui
683 241 736 263 ritus,

65 272 81 290 si
97 271 117 290 in
131 271 174 290 loco
188 272 263 293 existat.
279 272 362 291 Rutheni
377 272 469 291 interesse
483 276 575 291 tenentur.

356 354 417 367 CAPUT
432 354 451 367 lv

176 402 205 420 Dc
218 402 347 420 matrimoniis
361 402 412 420 inter
419 402 487 427 fidclts
501 402 561 420 mixti
574 402 630 421 ritus.

107 459 149 478 Art.
166 459 245 478 XXVII.
261 460 382 479 Matrimonia
396 460 445 479 inter
458 460 561 479 catholicos
576 461 666 480 ruthenos
680 466 699 480 et
712 461 738 480 la-

64 491 118 509 tinos
133 497 170 509 non
188 491 320 515 prohibentur;
338 492 372 510 sed
387 492 465 510 maritus
479 491 548 510 latinus
565 492 629 511 uxoris
646 493 737 512 ruthenae

64 523 124 541 ritum
139 528 176 541 non
191 526 286 547 sequatur.
302 529 336 541 nec
351 529 399 541 uxor
412 523 470 541 latina
484 523 540 541 ritum
556 524 616 542 mariti
630 524 710 542 rutheni.

108 554 150 572 Art.
165 553 253 572 XXV111.
270 554 289 572 Si
303 560 349 573 vero
363 554 391 572 vir
405 554 474 572 latinus
488 554 506 572 in
522 560 600 573 uxorem
610 555 685 573 duxerit
700 561 738 573 mu-

65 585 134 603 lierem
155 585 264 606 ruthenam,
280 585 375 610 integrum
389 586 425 603 erit
439 585 512 604 mulieri
534 585 557 604 ad
577 585 632 604 ritum
651 585 736 607 latinum,

64 617 107 634 sive
122 617 140 634 in
155 620 198 635 actu
218 616 341 637 matrimonii,
357 616 397 635 sive
414 621 491 640 postea,
507 617 587 635 durante
605 617 735 638 matrimonio,

64 648 153 668 transire,
168 647 212 672 quin
227 647 340 666 electionem
360 647 418 666 semel
436 648 512 669 factam,
528 649 604 666 vivente
619 648 669 669 viro,
685 655 737 667 revo-

64 685 111 698 care
126 679 188 703 possit.

107 711 150 729 Art.
164 710 237 729 XXIX.
253 710 320 729 Soluto
335 710 461 731 matrimonio,
477 710 549 729 mulieri
569 710 659 729 ruthenae
668 725 672 732 ,
687 717 736 735 quae

63 743 123 761 ritum
142 742 203 760 rnariti
221 742 309 766 amplexa
324 741 394 762 suerat,
409 741 517 760 resumendi
532 742 602 766 proprii
618 742 664 760 ritus
678 742 737 761 libera

63 774 102 792 erit
117 777 207 798 potestas.

107 805 149 823 Art.
165 805 228 823 XXX.
245 804 303 823 Uxori
318 805 409 823 ruthenae
419 810 468 828 quae
483 804 570 823 maluerit
580 805 598 823 in
609 805 686 829 proprio
701 805 736 823 ritu

64 842 184 861 permanere¹
200 836 264 854 licebit
278 840 341 854 tamen
356 836 374 854 in
390 836 465 854 ieiuniis
479 840 498 854 et
512 836 564 854 sestis
580 842 634 854 suum
649 836 737 855 maritum

63 867 126 892 sequi.
469 887 472 890 ⁴

106 899 148 917 Art.
164 898 236 917 XXXl.
253 898 286 917 Vir
300 898 391 917 ruthenus
413 902 486 922 potest,
502 899 516 916 si
531 898 586 919 velit¹
602 898 657 916 ritum
673 899 737 916 uxoris

63 930 136 949 latinae
151 930 215 954 sequi,
232 930 288 954 eique
303 929 373 954 pariter
393 929 456 947 licebit
473 930 491 947 in
506 929 580 947 ieiuniis
594 934 614 947 et
628 929 680 948 festis
694 930 737 948 ritui

63 962 131 981 uxoris
145 962 214 981 latinae
233 968 274 980 sese
290 962 414 980 conformare.
436 961 503 980 Soluto
522 961 652 982 matrimonio.
668 961 737 986 poterit

64 994 82 1012 in
98 993 135 1012 ritu
151 993 209 1012 latino
224 999 342 1017 permanere.
358 992 387 1011 vel
402 993 457 1011 ritum
472 993 573 1011 ruthenum
587 999 689 1011 resumere.

105 1025 146 1043 Art.
163 1024 243 1043 XXXII.
259 1024 401 1042 Matrimonium
417 1024 465 1042 inter
479 1024 539 1042 virum
555 1024 632 1042 latinum
645 1028 664 1042 et
676 1024 738 1043 ruthe-

63 1063 108 1075 nam
121 1056 217 1075 mulierem
227 1056 285 1074 latine
296 1062 359 1074 coram
375 1056 458 1080 parocho
473 1055 531 1074 latino
541 1056 673 1077 contrahatur;
688 1056 737 1074 inter

62 1089 125 1106 virum
139 1093 184 1105 vero
204 1087 304 1105 ruthenum
323 1091 343 1105 et
357 1086 454 1105 mulierem
476 1087 553 1105 latinam
572 1087 657 1105 contrahi
674 1090 737 1111 potest

62 1119 92 1138 vel
109 1118 189 1137 ruthene
204 1124 268 1137 coram
283 1118 367 1142 parocho
382 1118 468 1139 rutheno,
484 1118 513 1136 vel
527 1118 585 1136 latine
599 1124 663 1136 coram
684 1124 737 1142 paro-

63 1150 99 1169 cho
114 1149 186 1168 uxoris.
