921 1304
224 62 354 76 Missianariorum
360 61 430 81 filiorum
441 62 456 76 S*
469 62 485 76 Cr
496 62 514 75 Bi
526 61 547 75 M.
562 62 577 75 Vr
709 61 735 79 1⁴?

67 116 160 141 gularium
179 116 300 140 praeposita,
320 122 387 135 omnes
402 120 422 135 et
436 116 522 141 singulas
537 116 665 141 professiones
679 120 737 140 prout

67 147 84 165 in
100 147 188 172 precibus
197 147 282 174 emissas
297 147 316 166 in
330 147 394 166 radice
409 151 465 166 sanat
480 151 537 171 atque
556 146 669 166 convalidat
686 147 735 165 Con-

67 179 128 198 trariis
142 179 294 203 quibuscumque
309 185 347 197 non
362 178 488 197 obstantibus.

107 211 186 231 Rornae.
201 210 233 229 die
248 215 273 228 20
287 210 367 228 Ianuarii
386 210 441 233 ¹908.

313 254 336 272 D.
353 254 409 273 Card.
425 254 523 275 inuu'm,
539 253 650 276 Praefatur

425 285 449 303 Ο.
465 285 539 310 Giorgi,
555 285 735 303 Sub-Stcrdarius.

121 387 351 406 MISSIONARIORUM
366 387 493 406 FILIORUM
508 387 527 406 S.
543 387 564 406 C.
580 387 601 406 B.
617 387 642 405 M.
659 387 681 405 Vi

341 429 466 442 insanimus

124 472 255 490 confirmati-r
267 473 365 490 decretum
377 472 558 490 uecfflnrbntlonls
569 473 682 493 perpetu-e.

108 522 254 542 Factiseries.
269 522 325 540 Pater
339 522 431 546 Iosephus
441 522 490 543 Siso.
504 521 594 540 sacerdos
603 522 739 546 congregatio-

68 554 97 573 nis
112 553 277 572 Missionariorum
291 553 382 572 Filiorum
397 553 415 571 S.
432 553 500 572 Cordis
518 553 538 571 B.
554 553 626 572 Mariae
645 553 738 578 Virginis,

67 585 155 610 superior
169 585 237 603 domus
252 585 270 603 S.
286 584 385 609 Hippolyti
400 585 419 602 in
434 584 510 603 Mexico
525 584 587 603 extitit
601 590 661 608 usque
671 584 696 602 ad
705 584 739 603 ini-

68 617 115 634 tium
130 616 174 634 anni
192 621 247 639 1905,
262 622 301 640 quo
315 619 401 640 ternpore
416 622 459 634 cum
473 622 484 634 e
498 622 533 634 suo
547 621 625 634 munere
642 615 737 637 desiisset,

69 646 163 666 reelectus
177 653 215 666 non
231 647 264 666 suit
277 653 301 666 eo
315 647 367 671 quod
385 646 440 665 nimis
455 647 522 665 dururn
539 653 581 665 sese
600 647 705 665 ostenderit
719 647 737 665 in

68 679 169 703 regimine.
191 678 221 697 Ex
236 682 280 697 tune
300 678 319 696 P.
337 678 379 697 Sis6
396 678 526 697 obedientiam
544 678 649 696 detrectare
668 678 738 702 coepit,

68 709 130 728 donec
144 710 236 728 ementito
251 709 286 727 sub
301 713 399 733 praetextu
410 715 420 728 e
430 716 465 728 sua
475 709 565 734 religiosa
574 709 633 728 domo
644 709 737 730 discessit,

68 745 87 759 et
102 741 154 765 prius
168 740 187 758 in
202 740 265 758 villarn
280 740 344 758 Nuria
358 744 451 761 vocatam,
465 740 509 759 dein
519 747 565 759 vero
575 740 593 758 in
604 740 670 759 urbem
680 740 740 765 vulgo

73 772 177 796 Trapuato,
192 771 286 790 dioecesis
301 772 405 790 Leonensis
420 772 438 789 in
453 772 535 793 Mexico,
551 778 572 790 se
586 771 672 790 contulit.
689 771 738 790 Cum

69 807 133 821 autern
148 803 195 827 ipse,
211 808 249 821 non
264 803 384 821 obstantibus
402 803 539 821 monitionibus
553 809 575 821 ae
589 803 739 821 comminationi-

69 834 106 852 bus
119 834 235 852 desertionis
248 840 272 852 ex
287 838 340 858 parte
355 834 473 858 superiorum
488 834 609 859 regularium,
624 834 648 852 ad
660 834 738 852 domurn

70 865 88 883 S.
97 865 199 889 Hippolyti
208 865 354 890 ingrediendam
364 865 432 884 adduci
443 871 481 884 non
491 865 593 889 potuisset;
608 865 627 884 hi
637 865 667 884 die
679 865 739 888 291u-

71 896 95 915 nii
113 901 170 919 1905.
186 896 263 915 nomine
277 903 354 921 quoque
373 896 507 921 Delegationis
521 896 642 921 Apostolicae
656 897 740 915 Mexica-

71 933 112 949 nae,
128 933 171 946 eum
186 927 213 945 uti
228 927 345 952 transfugam
360 927 481 946 declararunt
495 931 552 951 atque
562 933 573 945 a
582 927 651 946 divinis
661 933 740 951 suspen—

70 964 122 977 sum:
138 964 195 982 quam
209 958 353 982 suspensionem
364 958 483 977 confirmavit
492 959 551 977 Curia
565 959 675 978 Leonensis.

110 989 161 1008 Dein
176 989 239 1008 statim
254 996 276 1008 ac
291 990 310 1009 P,
321 990 365 1008 Sise·
374 990 456 1011 rescivit,
467 996 577 1014 processum
587 990 654 1008 instrui
664 990 688 1008 ad
698 990 740 1008 eius

71 1021 203 1046 expulsionem
217 1027 229 1040 a
243 1021 341 1046 religione,
357 1021 411 1045 petiit
425 1025 445 1039 et
459 1021 540 1039 obtinuit
558 1021 656 1040 decretum
675 1027 739 1039 saecu-

70 1052 185 1071 larizationis
199 1056 309 1077 perpetuae,
324 1052 376 1076 quod
386 1053 473 1076 superior
483 1052 576 1077 regularis
585 1059 610 1071 ex
619 1052 740 1071 facultatibus

70 1084 94 1102 ab
108 1083 222 1108 Apostolico
236 1083 332 1109 Delegato
346 1083 382 1102 sihi
396 1083 472 1102 tributis
486 1084 587 1105 concessit,
598 1083 664 1102 addita
676 1088 739 1102 tamen

72 1114 155 1133 clausula
170 1119 190 1133 ut
204 1119 267 1133 orator
281 1115 354 1133 indulto
369 1115 395 1133 uti
411 1121 448 1133 non
463 1119 534 1139 posset.
550 1115 585 1133 nisi
600 1115 652 1139 prius
662 1115 740 1139 Episco-

73 1152 116 1170 purn
130 1146 244 1164 benevolum
258 1150 376 1170 receptorem
386 1146 480 1164 invenerit
489 1152 511 1164 ac
521 1152 595 1165 sacrum
606 1146 740 1170 patrimonium
