921 1304
166 56 192 70 172
310 52 336 66 Er
343 53 358 67 S.
368 52 383 67 C.
392 52 520 72 Indulgemiarum
527 55 542 66 ee
549 52 575 66 SS.
583 52 684 71 Refiquiarum

163 107 181 125 S.
197 107 292 126 Vincentii
307 113 318 125 a
332 107 391 126 Paulo
401 106 461 128 eonl'.;
479 108 511 125 1¹⁶
520 105 579 125 semel
589 106 607 124 in
618 112 689 127 mense,
700 106 731 124 die
740 106 832 130 cuiusque

162 138 233 157 sodalis
252 138 329 157 arbitrio
343 138 433 163 eligenda
446 137 551 156 dummodo
565 137 654 162 praefatis
671 137 739 156 diebus
757 136 834 156 sodales

161 169 294 188 sacramentali
309 169 430 188 confessione
444 168 515 193 expiati
529 168 599 187 missae
616 168 729 187 sacrificium
747 168 832 189 fecerint.

161 199 192 218 vel
206 200 274 219 saltem
288 200 313 219 ad
327 200 346 219 S.
362 200 454 224 Synaxim
469 200 590 221 accesserint,
605 204 625 218 et
639 199 663 218 ad
678 203 762 218 mentem
776 199 795 218 S.
808 200 831 218 V.

161 231 203 255 pias
217 237 285 256 preces
298 231 323 250 ad
337 231 400 250 Deum
415 231 506 252 suderint3
525 233 556 249 12¹
571 231 589 249 in
605 231 671 250 mortis
684 230 770 252 articulo,
781 231 796 250 si
806 231 833 250 uti

161 268 219 287 supra
233 262 328 287 dispositi,
346 262 376 281 vel
390 262 458 281 saltem
473 262 549 281 contriti
563 262 643 280 SSmum
658 262 700 280 Iesu
714 268 783 280 nornen
799 268 832 281 ore

161 294 176 312 si
186 294 289 318 potuerint,
300 294 329 312 sin
339 294 407 315 minus,
418 293 476 312 corde
486 293 556 312 devote
565 293 702 313 invocaverint.
714 293 832 312 Parmam.-

164 327 182 343 1¹²
197 329 271 350 septem
285 331 378 344 annorum
393 325 511 350 totidemque
527 325 702 350 quadragenarum:
716 325 738 349 a)
750 325 831 349 quoties,

161 356 218 375 corde
232 353 299 375 saltem
314 357 390 376 contriti
399 363 422 375 ae
431 357 507 378 devote,
518 356 594 375 sodales
607 356 690 381 aliquem
702 356 832 380 poenitentiae

161 391 225 406 aetum
244 388 297 407 iuxta
315 388 372 406 finem
390 388 529 407 Associationis
548 387 677 408 exercuerim
700 387 718 412 b)
734 387 793 406 semel
812 388 831 406 in

160 419 289 440 hebdomada,
303 419 340 441 die.
356 425 412 443 quen-i
427 419 452 438 ad
466 419 593 444 reparationis
602 419 719 440 exercitium,
734 419 786 437 iuxta
795 419 831 437 As-

160 450 270 469 soeiationis
284 454 361 471 statuta,
372 450 480 475 specialiter
490 449 588 474 elegerint,
599 443 704 468 dummedo
713 450 737 468 ad
747 453 831 469 mentem

160 481 179 499 S.
195 481 218 500 V.
233 481 339 503 oraverim
356 484 376 500 2⁰
389 485 518 500 trecentorum
532 481 611 502 dierum.
627 481 703 506 quot-ies
717 481 775 500 corde
785 482 830 500 item

160 513 235 531 nonu-iti
256 512 332 531 sodales
352 513 436 537 quinque
459 512 549 531 Crucifixi
569 512 646 531 Domini
665 512 743 531 vulnera
761 513 832 531 devote

160 543 239 562 osculati
258 544 336 565 suerint,
359 544 401 568 pias
420 544 546 568 reparationis
564 543 681 562 intentiones
702 548 829 565 renovantes:

160 576 181 598 3⁰
195 578 270 593 centum
285 575 359 594 dierum
373 581 408 599 pro
423 581 539 599 unoquoque
558 575 610 593 bono
627 580 686 599 opere
705 574 782 599 pietatis
799 574 830 593 vel

159 606 248 624 caritatis.
263 606 354 630 lmplorat
368 606 445 625 tandem
460 606 538 624 humilis
551 609 620 627 orator,
636 610 656 624 ut
670 605 689 624 S.
700 606 724 624 V.
734 612 802 624 omnes
811 610 831 625 et

159 637 244 662 singulas
258 637 354 662 praefatas
370 637 505 662 indulgentias,
526 641 608 661 excepta
625 641 688 655 tamen
707 636 792 661 plenaria
811 637 830 655 in

160 668 225 687 mortis
239 668 319 687 articulo
333 668 429 689 lucranda,
450 669 551 687 animabus
564 668 622 687 etiam
637 668 655 686 in
670 668 784 693 Purgatorio
797 668 829 686 de—

158 699 249 724 gentibus
262 699 385 724 applicabiles
399 706 442 718 esse
456 699 546 718 declaret.
568 699 593 718 Et
607 699 667 721 Deus,
681 704 717 718 etc.

199 730 270 749 SSrhus
280 731 335 750 Dnus
348 731 419 750 Noster
433 731 477 749 Pius
491 731 525 749 PP.
539 731 563 752 X,
578 731 597 749 in
612 731 708 749 audientia
724 737 746 749 22
763 731 830 750 Ianua—

158 761 180 780 rii
197 762 246 785 1908
261 762 285 780 ab
299 762 418 787 infrascripto
430 762 486 780 Casd.
502 762 601 781 Praefecto
615 762 634 781 S.
645 762 830 787 Congr.1ndulgen-

158 792 189 811 tiis
198 793 299 818 Sacrisque
309 793 402 817 Reliquiis
411 793 537 817 praepositae,
549 793 632 818 benigne
647 794 713 812 annuit
722 799 757 818 pro
766 794 829 818 gratia

158 824 210 842 iuxta
228 830 305 848 preces;
321 828 341 843 ut
355 828 418 843 autem
436 824 545 843 consulatur
559 825 626 843 unitati
641 831 678 843 non
694 825 757 843 minus
770 831 828 849 quam

157 855 271 879 perennitati
281 856 390 880 praedictae
400 856 545 877 Associationis,
556 856 606 874 idem
618 856 694 877 SSmus,
705 857 735 875 cui
745 857 828 875 maxime

158 886 210 905 cordi
224 891 255 905 est
268 887 354 906 eiusdem
369 893 402 912 per
416 887 482 906 orbern
496 887 577 908 diffusio,
593 887 690 906 mandavit
704 892 724 906 ut
739 888 828 907 Director

157 917 258 942 generalis,
269 924 281 936 a
295 918 397 942 Superiore
411 918 497 943 generali
512 918 675 943 Congregationis
686 919 783 937 Missionis
792 925 828 943 pro

157 953 243 973 tempore
257 949 345 968 existenti
360 949 477 974 designetur.
493 949 533 968 sive
547 954 601 968 extra
615 950 655 968 sive
669 950 717 969 intra
732 950 773 969 eius
787 951 828 969 reli-

156 981 231 1005 giosam
241 980 336 999 familiam.
347 981 443 999 Praesenti
454 981 473 999 in
483 984 596 1005 perpetuum
610 981 696 1002 valituro,
707 981 779 1006 absque
790 981 828 1000 ulla

157 1012 223 1030 Brevis
232 1012 361 1036 expeditione.
375 1012 481 1030 Contrariis
491 1012 642 1037 quibuscumque
652 1019 690 1031 non
700 1012 827 1031 obstantibus.

196 1043 268 1061 Datum
286 1043 360 1062 Romae
374 1050 384 1061 e
399 1043 505 1062 Secretaria
521 1043 607 1062 eiusdem
622 1043 640 1062 S.
657 1043 826 1068 Congregationis,

156 1074 187 1092 die
204 1080 226 1092 22
242 1074 323 1093 Ianuarii
340 1075 396 1097 1908.

406 1106 425 1124 S.
440 1105 497 1124 Card.
513 1106 607 1127 Cum-om,
622 1106 735 1129 Praefectus.

320 1140 331 1161 †
345 1138 369 1156 D.
385 1138 454 1159 Panici,
470 1137 559 1162 Archiep.
575 1138 683 1159 Laodicea,
702 1138 825 1157 secretarius.
