921 1304
202 55 208 65 1
211 55 230 69 94
503 51 569 70 Epistola

200 106 331 125 obsistendum
341 106 403 125 bonae
418 110 474 125 notae
484 107 626 125 commentario.
642 107 663 125 ld
672 113 734 131 genus
748 107 843 131 praesidia
853 108 868 126 si

200 137 332 161 posthabeant,
348 137 402 156 mulla
417 137 429 156 ii
448 138 521 156 ratione
540 137 630 156 valebunt
644 138 662 156 in
681 138 758 162 populo,
773 144 785 156 a
799 138 870 163 perspi»

200 168 267 194 cienda
277 169 345 187 aetatis
355 168 418 187 indole
428 169 517 187 aberunt:
533 173 605 189 contra.
617 169 632 187 is
646 169 682 187 erit
696 169 804 188 censendus
813 170 870 188 aesti—

201 204 262 218 mator
276 200 345 218 aetatis
359 200 448 224 optimus,
464 200 496 224 qui
505 200 530 218 ad
544 200 655 218 inserendas
669 200 736 218 animis
746 200 869 219 disseminan-

199 231 272 255 dasque
286 231 304 249 in
319 230 388 256 vulgus
402 231 507 250 sententias
521 235 570 255 apte.
586 231 671 250 studiose
680 235 700 250 et
714 231 789 250 assidue
804 231 869 250 diariis

199 266 269 281 utatur.
289 262 327 280 Iam
347 262 444 281 catholicis
463 262 518 281 vobis
539 262 690 287 catholicamque
709 262 870 281 contendentibus

198 293 293 312 actionem
312 293 400 312 socialem
420 293 509 318 proferre,
530 294 545 312 is
560 300 608 312 unus
627 294 697 318 poterit
715 293 808 318 profectui
825 300 868 313 esse

199 325 276 346 diarius,
286 325 324 349 qui.
335 331 369 349 pro
379 324 540 349 opportunissimo
550 324 629 344 consilio
639 329 677 346 tuo,
688 325 800 344 catholicam
811 325 867 344 fidem

199 356 374 381 professionemque
388 360 462 375 tueatur
477 357 584 375 universam
599 356 639 375 sive
651 356 747 375 mentibus
760 356 786 375 ad
800 356 869 375 doctri-

200 394 243 406 nam
258 387 327 406 Christi
341 387 471 408 informandis,
486 388 526 406 sive
543 387 633 412 regendis
651 388 676 406 ad
690 388 771 412 egregia
785 388 869 406 facinora

199 419 333 440 voluntatibus,
345 419 384 437 sive
398 419 480 443 denique
491 418 576 437 Ecclesia
586 419 684 443 sequenda
693 418 747 437 duce.
763 419 803 437 Nec
819 419 868 437 istud

199 450 255 471 satis;
271 450 343 468 scilicet
356 450 372 468 si
386 449 490 468 catholicus
504 450 652 468 commentarius
670 450 769 474 quibusvis
783 449 869 468 civilibus

199 481 284 506 partibus
293 481 360 500 faveat
371 480 400 499 Ea
410 485 487 505 propter
497 480 576 499 multum
584 481 706 505 probavimus
715 485 734 499 te
743 487 802 505 quum
812 481 868 505 ephe-

200 512 291 531 meridem
310 512 385 531 voluisti
400 518 411 530 a
429 512 516 530 civilibus
531 518 587 530 omne
601 518 662 536 genus
680 511 747 530 studiis
763 516 866 531 semotam:

199 544 216 562 ei
231 550 312 568 namque
327 544 358 562 uni
373 543 470 570 proprium
480 548 499 562 et
513 543 607 568 peculiare
622 543 666 561 illud
676 543 717 565 erit,
728 547 748 562 ut
762 543 807 561 nulli
818 550 868 562 rnan-

199 575 261 599 cipata
276 575 330 599 parti,
349 575 443 599 pertineat
459 574 484 593 ad
503 581 575 593 ornnes.
596 574 702 593 Ecclesiam
716 581 765 599 quae
783 575 867 593 omnium

200 610 260 624 mater
273 610 302 624 est
316 610 336 624 et
350 606 447 631 magistra,
466 606 507 625 sisae
521 606 658 630 impedimento
676 610 772 630 sequatur,
788 606 867 625 inditam

199 637 272 662 scriptis
291 637 397 656 doctrinam
416 637 456 655 sine
471 636 546 658 invidia,
567 641 600 655 aut
613 637 646 658 ira.
666 641 698 655 aut
716 637 779 656 studio
798 637 866 659 tradat,

199 674 335 693 supremasque
356 668 454 693 religionis
475 672 494 687 et
512 668 627 692 reipublicae
647 669 730 687 rationes
749 668 867 693 singulorum

199 700 266 719 studiis
280 699 393 724 utilitatique
408 706 445 718 non
455 699 529 718 subdat.
545 699 605 724 Igitur
620 706 690 724 magno
705 700 769 719 animo
783 706 832 724 opus
841 700 868 718 in—

198 732 244 750 siste
258 731 310 755 quod
325 735 363 749 tam
377 731 458 755 provido
472 731 573 749 condidisti
588 731 664 752 iudicio,
679 731 768 756 idemque
783 737 807 750 ne
822 731 867 756 quid

198 763 222 781 ab
233 763 319 781 instituto
328 762 422 783 deflectat,
433 762 587 781 constantissime
597 763 696 781 contende.
712 762 800 781 Adversa
810 767 867 787 atque

198 794 282 813 difficilia
295 793 381 818 plurima,
397 800 446 818 quae
460 797 524 812 tamen
539 794 594 812 bonis
609 794 695 812 comitari
714 794 807 818 incoeptis
822 800 867 812 nun-

198 831 255 850 quarn
274 825 370 846 desivero.
391 825 521 849 obsaepiendo
541 831 638 849 generoso
657 825 718 843 itineri
742 825 865 843 intercedent.

198 856 259 875 Valde
274 860 337 875 autem
352 856 464 874 confidimus
477 856 588 874 validiorem
603 857 687 881 negotiis
704 856 800 875 solertiam
814 860 866 875 tuam

198 888 315 909 exstituram,
331 888 418 912 beneque
433 891 532 912 praeterea
547 893 645 911 speramus
659 888 743 911 potiores
757 894 768 906 e
782 887 834 906 clero
847 891 867 906 et

198 918 269 943 populo
283 919 340 940 viros,
359 919 390 943 qui
407 925 453 943 prae
472 918 553 937 caeteris
569 919 653 937 habeant
668 922 787 943 compertum
801 919 867 943 quanti

197 950 267 968 referat
280 951 375 968 actionem
390 949 479 968 socialem
494 950 606 968 catholicam
618 950 722 974 provehere
734 949 867 974 humanaeque

198 981 334 1000 consociationi
350 982 368 1000 in
382 987 474 1006 germana
489 981 575 1000 doctrina
585 981 677 1000 catholica
691 987 802 1005 comparare
816 981 867 1000 salu-

197 1016 242 1034 tem*
257 1012 347 1031 allaturos
361 1019 396 1037 pro
410 1013 482 1031 viribus
497 1019 559 1037 opem,
575 1016 594 1031 et
608 1012 691 1031 studium
701 1012 821 1037 gloriamque
836 1018 867 1036 pa-

197 1048 252 1065 trum,
267 1050 348 1068 quorum
362 1044 431 1062 tradita
446 1044 464 1062 in
483 1043 596 1068 religionem
614 1043 681 1062 merita
697 1044 811 1068 accepimus,
826 1043 866 1062 fore

197 1075 308 1094 imitaturos.
324 1075 365 1094 Nos
379 1075 454 1094 interim
468 1074 524 1094 solari
539 1079 558 1093 te
572 1075 590 1093 in
605 1075 718 1100 gravissimo
732 1075 822 1099 incoepto
835 1081 867 1093 vo-

197 1106 258 1124 lumus
278 1106 391 1131 laudemque
408 1106 490 1131 amplam
507 1106 633 1131 eamdemque
651 1106 746 1131 publicam
764 1112 823 1132 quum
841 1106 866 1124 de

197 1137 244 1156 inito
258 1137 338 1156 consilio
352 1142 385 1156 tuo
403 1141 442 1156 tum
459 1137 484 1156 de
501 1137 603 1158 voluntate,
622 1144 660 1162 qua
678 1137 783 1156 institutum
803 1143 867 1162 perse-
