921 1304
146 58 254 100 ACTA
277 58 429 100 ROMANI
452 58 669 100 PONTlFlClS

329 163 478 183 EPISTOLA

64 221 114 244 Qua
126 222 216 239 Pontifex
227 222 287 239 mittit
299 222 393 243 Legatum
401 222 537 242 Apostollcum
545 222 570 239 ad
578 222 741 243 quinqmngenlma

116 249 213 266 solemnia
224 249 244 265 ln
255 249 350 266 honorem
361 249 382 265 B.
394 248 418 265 Μ.
432 249 453 265 V.
467 249 491 265 de
503 249 594 266 Lourdes.

287 312 369 326 nlLECTo
386 312 437 325 FILIO
451 312 526 325 NOSTRO

162 343 238 357 VICTORI
253 344 337 357 Lucum)
351 344 366 356 S.
377 344 393 356 R.
405 344 421 357 E.
438 344 499 357 PRESB.
515 344 571 357 cam).
587 344 647 357 LBCOT

253 375 402 388 Assculemscovo
417 375 556 388 BURDIGALENSI

564 406 688 420 BURDIGALAM

338 458 394 477 PIUS
409 458 443 477 PP.
459 458 478 477 Χ

78 499 157 517 Dilecta
171 499 215 517 Fili
227 499 302 520 Noster,
316 499 395 517 salutem
409 486 426 517 et
439 498 566 523 Apostolicam
582 498 726 517 benedictionem.

111 570 209 589 Solemnia
223 577 282 592 saera,
297 577 347 595 quae
362 571 380 589 in
394 576 480 589 mensem
495 570 619 589 Februarium
633 570 741 594 proximum

63 606 189 626 apparantur
202 601 226 620 ad
242 601 333 626 oppidum
348 601 437 622 Lourdes,
452 607 504 620 anno
518 605 602 620 exeunte
621 601 741 626 quinquage-

66 633 120 651 simo
129 647 133 653 ,
154 638 179 651 ex
198 638 236 657 quo
254 632 377 651 Immaculata
391 632 428 651 Dei
443 632 505 651 Mater
521 632 567 651 mire
581 638 602 651 se
617 632 653 651 illic
668 633 742 657 conspi-

64 664 159 683 ciendam
173 664 231 685 dedit,
246 664 281 682 etsi
296 663 384 682 audimus
398 664 474 689 magnis
488 664 562 688 piorum
577 663 646 682 studiis
659 663 742 682 celebra-

65 700 112 714 tum
127 695 154 717 iri,
169 701 235 714 eorum
250 699 314 714 tamen
324 695 453 714 celebritatem
464 696 536 714 Nostra
546 701 622 719 quoque
632 695 741 720 augendam

64 726 185 745 auctoritate
199 727 291 745 ducimus.
308 726 389 748 Etenim.
404 727 494 751 quoniam
509 727 545 745 hoe
557 731 598 745 toto
607 731 694 751 tempore
704 733 741 745 ma-

67 758 124 776 xima
137 761 157 776 et
171 757 315 776 innumerabilia
329 758 348 776 in
362 757 443 776 salutem
457 758 522 782 populi
536 757 632 776 christiani
649 758 741 777 beneficia

64 795 80 808 e
97 789 204 807 Lourdensi
218 795 277 813 specu
292 793 400 810 manarunt.
420 793 440 807 ut
454 789 479 807 ibi
495 789 607 807 Beatissima
622 789 683 814 Virgo
701 793 742 807 tan-

64 826 129 845 -quam
150 820 220 838 sontem
243 820 366 844 benignitatis
387 820 567 844 misericordiaeque
588 826 634 838 suae
652 821 741 839 statuisse

67 851 164 872 videatur,
179 857 226 869 sane
240 850 296 869 decet
310 850 334 869 ad
349 857 372 869 ea
386 851 428 875 ipsa
442 851 543 869 recolenda
563 851 628 875 pietati
645 852 741 870 communi

68 883 162 901 Nostram
176 882 296 903 antecedere,
312 882 390 906 Nosque
405 882 455 906 apud
475 887 575 907 augustam
593 882 691 901 Ecclesiae
708 883 741 902 Pa-

68 917 145 932 rentem
159 913 214 938 quasi
229 914 341 938 interpretes
359 914 433 938 gratiae
455 913 542 938 publicae
564 914 651 932 existere.
675 914 740 939 Itaque

65 945 165 969 -cupimus,
180 948 201 962 ut
215 944 234 963 in
248 944 276 963 eis
292 944 374 969 agendis
393 944 510 963 solemnibus
529 951 631 969 personam
650 945 741 964 Nostram

68 977 111 1001 ipse
127 982 194 1001 geras;
209 980 266 1000 atque
280 976 310 994 his
324 980 343 994 te
357 975 424 994 litteris
439 976 533 1001 Legatum
544 976 634 995 Nostrum
647 976 741 995 renuntia-

68 1014 119 1029 mus,
135 1007 172 1025 hoc
186 1007 257 1028 addito.
273 1011 293 1025 ut
308 1011 352 1031 post
361 1007 470 1026 Pontificale
480 1007 565 1028 Sacrum,
577 1007 653 1026 nomine
663 1008 739 1029 Nostro.

68 1037 174 1056 benedicas
189 1037 268 1062 populo:
280 1037 310 1055 cui
320 1037 447 1055 benedictioni
458 1041 553 1062 quotquot
562 1037 671 1058 intererunt,
683 1038 741 1056 modo

67 1069 171 1088 criminum
186 1068 304 1087 confessione
319 1068 377 1087 abluti
392 1068 462 1087 Sancta
476 1068 500 1086 de
514 1068 568 1087 altari
587 1068 697 1090 libaverint.
718 1069 741 1088 iis

67 1101 146 1121 damus.
162 1104 183 1118 ut
192 1099 295 1124 plenariam
305 1099 329 1117 de
339 1099 428 1118 admissis
438 1100 476 1118 suis
486 1099 561 1118 veniam
574 1100 681 1124 impetrent.
696 1100 740 1119 Tibi

65 1136 140 1152 autem.
157 1131 225 1150 dilecte
240 1131 275 1149 Fili
290 1130 366 1152 Noster,
377 1131 474 1155 auspicem
488 1130 595 1149 divinorum
610 1138 708 1150 munerum
718 1138 741 1151 ac

122 1170 155 1181 Atln
162 1169 175 1181 S.
183 1169 221 1183 Sedu,
229 1170 251 1181 mL
259 1169 287 1183 ΧΗ,
295 1169 328 1182 lasc-
335 1170 348 1180 2.
680 1171 687 1181 5
