921 1304
326 55 367 69 Mam
378 55 441 74 Propria
701 56 718 69 ³5

91 111 111 130 11.
128 111 159 130 Ex
168 110 320 130 Poenitentiariis
329 111 365 129 rite
375 110 454 129 adlectis
464 110 552 129 Minister
561 110 657 135 generalis
667 111 721 129 Prae-

54 142 111 161 sidem
126 142 207 167 Collegii
222 142 284 163 dicet:
301 141 319 160 id
334 148 403 160 munus
416 141 508 167 triennale
522 146 569 160 esto.

91 174 121 192 111.
137 173 279 192 Paenitentiarii
293 173 389 198 collegiati
404 173 423 191 in
437 173 466 194 iis,
481 179 529 197 quae
543 173 568 192 ad
583 179 657 192 sacrum
672 174 721 198 ipso—

54 204 230 225 rurnvministerium
246 205 348 229 pertinent,
363 205 463 223 dumtaxat
481 204 577 223 Cardinali
596 204 721 223 Poenitentia-

54 236 79 254 rio
93 236 160 254 maiori
175 235 274 260 parebunt.

91 266 123 285 lv.
139 266 197 290 Quod
212 273 257 285 vero
271 266 295 285 ad
310 267 450 285 observantiam
465 266 533 285 attinet
547 266 649 291 religiosae
667 266 722 286 disci-

54 298 119 322 plinae,
135 302 155 316 et
169 297 330 316 Constitutionum
344 297 462 322 generalium
478 297 560 318 Ordinis.
576 298 686 322 praesertim
697 298 721 316 de

54 329 89 348 vita
103 329 199 348 communi
214 334 233 348 et
248 329 355 348 visitatione
369 329 466 351 canonica,
477 329 533 347 iidem
548 329 583 347 sub
593 329 721 348 iurisdictione

54 360 133 379 Ministri
147 360 243 385 generalis
258 361 372 381 manebunt,
392 361 417 379 ab
434 367 468 382 eo,
487 367 524 379 non
543 367 598 379 secus
616 367 638 379 ac
652 360 722 379 caeteri

54 392 127 410 sodales
141 391 232 416 religiosi,
247 392 372 416 gubernandi.
389 392 407 410 Is
416 396 479 410 tamen
495 398 518 410 ne
532 398 647 416 quemquam
658 398 669 410 a
679 391 722 410 Col-

55 423 102 448 legio
120 424 138 441 in
153 427 265 447 perpetuum
283 427 393 444 removeat,
409 423 444 441 nisi
459 422 555 441 Cardinali
574 423 722 441 Poenitentiario

55 455 118 473 maiori
133 455 226 473 consulto.

92 486 116 504 V.
131 486 170 509 Qui
185 486 326 504 Poenitentiarii
348 491 416 504 munus
430 492 473 504 cum
487 485 542 504 laude
563 485 675 504 sexennium
690 485 722 503 ad-

55 516 186 538 ministrarint,
202 523 271 539 nomen
286 521 306 535 et
319 516 400 541 gradum
416 516 542 535 Eae-custodis
558 516 577 534 in
592 522 626 534 sua
642 516 722 541 quisque

54 548 150 572 provincia
168 548 276 566 obtineant:
299 548 330 572 qui
345 554 390 566 vero
409 548 428 566 id
442 548 504 572 ipsum
525 547 654 572 praestiterint
674 547 723 566 ultra

55 579 177 600 sexennium,
193 579 320 597 Definitorum
340 579 458 604 generalium
477 579 513 597 erit
526 579 638 600 decernere.
654 574 723 603 quibus

55 610 157 635 privilegiis
171 610 251 629 ornandi
265 610 308 630 sint.

92 642 266 661 Haec-statuimus.
282 648 320 660 non
334 642 459 662 obstantibus,
474 641 518 660 licet
531 641 608 666 speciali
627 642 722 660 mentione

55 677 85 691 aut
104 673 232 698 derogatione
250 673 326 698 dignis.
346 673 364 691 in
383 673 497 691 contrarium
517 673 629 692 facientibus
648 673 724 697 quibus⁴

55 710 139 728 cumque.

93 735 166 753 Datum
187 735 261 753 Rornae
282 735 332 759 apud
354 735 372 753 S.
389 735 474 756 Petrum.
496 735 527 753 die
546 741 585 754 xvn
604 735 724 760 Septembris

56 772 103 784 anno
119 772 194 787 ucuvn,
210 766 331 784 Pontificatus
346 766 410 784 Nostri
424 766 496 790 quinto.

323 811 379 829 PIUS
389 811 423 829 PP.
439 811 458 829 X

271 913 359 934 MOTU
372 913 472 933 PROPR
477 913 506 933 10

58 953 82 970 De
93 954 176 971 Famula
193 953 285 971 Fratrum
299 954 394 971 minorum
411 954 492 974 Neapoli
510 954 535 970 nd
552 953 638 971 Sanctae
653 953 723 971 Clarae

99 981 261 998 commorantium
272 981 402 998 reformanda.

318 1029 373 1048 PIUS
388 1029 422 1048 FP.
438 1029 456 1047 X

94 1074 115 1093 ln
134 1074 222 1093 domibus
241 1074 335 1093 Ordinum
354 1074 486 1099 religiosorum
501 1074 545 1092 illud
562 1074 661 1099 permagni
678 1080 725 1093 sane

59 1105 117 1127 refert.
132 1110 249 1127 sanctarum.
269 1106 337 1130 quibus
351 1110 450 1130 reguntur,
465 1105 529 1130 legum
544 1105 609 1130 vigere
623 1106 724 1124 observan-

59 1136 113 1155 tiam:
129 1143 172 1156 cum
186 1143 229 1161 qua,
245 1143 283 1155 non
297 1136 358 1155 solum
373 1142 443 1161 magna
457 1136 553 1155 christiani
568 1136 632 1161 populi
647 1136 723 1157 utilitas,
