921 1304
198 56 215 70 ³0·
473 56 514 70 Mam
526 56 589 75 Propria

197 111 230 131 sed
245 112 285 136 ipsa
303 112 396 130 sodalium
410 111 527 135 sempiterna
546 111 597 129 salus
611 111 737 136 coniungitur.
756 111 811 129 Hanc
825 111 865 129 Nos

196 150 235 164 tam
255 143 382 162 necessariam
400 142 475 161 laudem
497 148 539 161 cum
558 142 609 166 apud
628 142 704 161 Fratres
720 142 813 164 Minores,
833 142 865 167 qui

197 175 277 200 Neapoli
292 174 317 193 ad
331 174 412 192 Sanctae
427 173 495 192 Clarae
509 178 656 194 commorantur,
667 173 771 192 desiderari
785 174 823 192 iam
833 180 866 192 no-

196 208 261 228 limus.
281 205 387 230 Apostolici
404 204 459 223 officii
479 205 605 226 conscientia,
625 209 682 229 atque
700 205 756 224 etiam
776 205 865 229 peculiari

196 245 243 263 erga
257 244 291 256 eos
304 236 383 255 dilectos
398 236 445 254 filios
460 236 538 254 caritate
552 236 633 260 impulsi,
648 242 698 260 quae
712 241 816 261 sequuntur
832 237 865 255 de-

196 270 295 289 cernimus.
311 267 414 286 edicimus:

236 301 249 319 l.
268 298 415 323 Neapolimnum
434 298 521 317 Fratrum
538 298 633 317 Minorum
650 299 769 320 coenobium,
789 298 866 323 perinsi-

195 333 229 358 gni
245 330 359 350 monasterio
369 334 426 354 atque
436 329 478 348 aedi
489 330 570 348 Sanctae
580 330 649 348 Clarae
663 330 768 351 continens,
779 331 865 355 proxime

196 368 215 382 et
229 362 306 382 omnino
320 361 409 386 potestati
428 361 510 379 Ministri
529 361 625 386 generalis
643 361 738 380 Minorum
759 362 865 380 subiectum

196 399 243 413 esto.
265 393 322 412 Salva
336 395 398 411 t'amen
413 392 454 410 iura
472 392 509 410 sint
523 392 667 417 Archiepiscopi
688 392 809 417 Neapolitani
831 399 865 417 pro

196 432 224 447 ea,
239 431 296 450 quam
315 424 379 445 habet,
395 423 498 442 secundum
517 427 588 442 statuta
609 430 715 444 canonum.
733 424 864 442 auctoritatem

196 456 310 475 ordinariam
324 459 344 473 et
353 454 461 478 delegatam
476 455 495 472 in
510 454 619 479 Religiosos
632 459 737 479 exemptos.
753 455 864 479 praesertim

195 488 226 512 qui
241 486 361 507 Monialibus.
377 485 455 504 solemni
474 486 509 504 ritu
525 485 568 504 Deo
585 485 660 504 devotis
673 490 693 504 et
707 485 805 505 clausurae
821 486 864 511 lege

195 519 295 539 obstrictis,
311 518 359 536 sacri
374 518 456 536 muneris
471 517 649 542 officia.praestant.
672 526 679 533 o

235 550 258 569 ll.
273 549 354 568 Ministri
368 548 464 573 generalis
478 549 521 567 erit:
541 555 564 567 ex
579 548 666 567 consulto
687 549 812 568 Definitorum
832 556 865 574 ge-

195 581 286 600 neralium
307 580 443 598 Guara'ianum
463 580 551 598 coenobii
570 586 605 604 pro
623 584 710 605 tempore
729 585 748 599 et
767 581 864 600 instituere

195 617 214 631 et
228 618 334 632 removere;
355 611 440 632 sodales,
460 615 554 635 quotquot
571 611 588 629 ei
606 611 700 630 coenobio
716 615 735 630 et
749 612 864 630 monasterio

195 650 243 668 opus
257 643 330 664 fuerint.
345 646 386 661 tum
400 642 509 661 sacerdotes
523 645 562 661 turn
578 642 641 663 laicos,
657 643 681 661 de
695 642 811 667 quibuslibet
830 643 865 662 Ita-

194 675 231 694 liae
245 674 347 699 provinciis
361 678 455 694 evocatos,
471 674 598 697 praeceptivis
612 673 680 692 litteris
694 674 713 692 in
728 674 777 692 idem
797 680 865 693 coeno—

195 706 246 725 bium
261 706 365 726 destinare;
380 705 465 726 eosdem,
477 705 527 723 nullo
537 709 624 729 excepto.
635 712 669 729 per
683 711 703 723 se
717 709 750 724 aut
764 711 798 729 per
806 705 864 724 alium

195 744 229 762 pro
244 741 338 761 potestate
353 736 440 756 invisere.
455 736 550 761 corrigere
564 736 588 754 ad
603 736 686 761 frugem,
702 737 717 755 si
732 742 763 755 res
782 736 865 760 postula-

194 769 252 789 verit,
268 772 324 792 atque
341 767 399 786 etiam
413 767 432 785 in
447 773 500 785 snam
519 774 613 792 quemque
630 768 747 792 provinciam
761 768 862 786 remittere.

235 799 265 818 111.
281 798 375 817 Coenobii
389 798 474 819 sodales,
489 805 556 817 omnes
571 798 595 817 ad
610 805 677 820 unum.
697 799 800 823 perfectam
813 799 864 817 vitae

194 830 349 849 communitatem
368 830 417 848 inter
436 836 462 851 se,
478 830 518 848 sine
533 836 592 851 mora,
608 830 710 848 instituant.
731 830 797 854 Itaque
811 830 865 854 quid-

194 862 239 886 quid
255 862 352 886 pecuniae,
364 867 440 885 quoquo
455 861 514 881 titulo.
525 861 594 886 singuli
609 861 742 885 acquisiverint
755 865 788 879 aut
802 862 865 886 acqui-

194 893 247 912 situri
267 893 316 914 sint,
332 898 388 911 omne
409 892 548 916 quamprimum
568 892 586 910 in
602 898 669 911 manus
690 893 765 911 tradant
786 892 864 916 Syndiei

194 924 307 948 Apostoliei.
323 923 359 942 Hic
373 923 408 941 sibi
423 923 493 942 tradita
507 923 524 941 in
540 929 628 942 acervum
643 928 739 948 congeret,
750 924 774 942 de
786 930 825 948 quo
838 924 865 942 vi-

194 959 245 974 ctum
259 955 386 979 vestitumque
401 960 521 973 communem
536 959 647 979 ceterasque
657 961 693 975 res.
704 954 809 979 Praepositi
823 961 865 973 sen-

194 987 258 1007 tentia,
274 986 390 1005 necessarias
405 986 533 1010 comparanda
548 986 627 1004 curabit.
643 986 742 1004 Pecuniam
757 992 803 1004 vero
822 986 865 1005 reti-

194 1023 239 1036 nere
253 1021 286 1036 aut
295 1021 413 1036 contrectare
422 1021 455 1035 aut
464 1017 568 1041 quidquam
577 1017 596 1035 in
606 1023 649 1035 earn
659 1017 694 1036 sibi
707 1023 798 1042 arrogare
812 1018 863 1040 iuris,

194 1049 238 1067 nulli
252 1055 263 1067 e
278 1048 374 1067 sodalibus
388 1054 483 1072 quaquam
502 1048 526 1066 de
541 1055 598 1067 causa
616 1048 643 1067 fas
659 1053 708 1070 esto,
729 1055 752 1067 ne
771 1049 786 1067 si
802 1049 865 1074 legiti-

194 1086 243 1098 mam
258 1080 334 1104 quidem
349 1080 424 1098 veniam
438 1079 485 1098 alias
499 1080 609 1104 impetrarit.

234 1111 266 1130 IV.
281 1112 339 1130 Iidem
355 1115 453 1135 praeterea
472 1111 532 1129 sciant
550 1117 595 1130 suas
612 1118 655 1130 esse
673 1116 742 1136 partes,
761 1116 781 1130 ut
797 1112 865 1131 franci-

194 1149 271 1161 scanam
289 1142 365 1161 vivendi
382 1142 475 1167 regulam,
496 1142 640 1161 constitutiones
658 1143 758 1167 generales
777 1143 863 1165 Ordinis,
