<?xml version="1.0" encoding="UTF-8"?>
<!DOCTYPE html PUBLIC "-//W3C//DTD XHTML 1.0 Transitional//EN"
    "http://www.w3.org/TR/xhtml1/DTD/xhtml1-transitional.dtd">
<html xmlns="http://www.w3.org/1999/xhtml" xml:lang="en" lang="en">
 <head>
  <title>
</title>
<meta http-equiv="Content-Type" content="text/html;charset=utf-8" />
  <meta name='ocr-system' content='tesseract 3.04.00' />
  <meta name='ocr-capabilities' content='ocr_page ocr_carea ocr_par ocr_line ocrx_word'/>
</head>
<body>
  <div class='ocr_page' id='page_1' title='image "actasanctaesedi06popegoog_0014.png"; bbox 0 0 921 1304; ppageno 0'>
   <div class='ocr_carea' id='block_1_1' title="bbox 334 60 751 79">
    <p class='ocr_par' dir='ltr' id='par_1_1' title="bbox 334 60 751 79">
     <span class='ocr_line' id='line_1_1' title="bbox 334 60 751 79; baseline -0.005 -5"><span class='ocrx_word' id='word_1_1' title='bbox 334 60 399 75; x_wconf 72' lang='lat' dir='ltr'>Litterae</span> <span class='ocrx_word' id='word_1_2' title='bbox 409 60 501 79; x_wconf 66' lang='lat' dir='ltr'>Apamam</span> <span class='ocrx_word' id='word_1_3' title='bbox 743 64 751 78; x_wconf 93' lang='lat'>7</span> 
     </span>
    </p>
   </div>
   <div class='ocr_carea' id='block_1_2' title="bbox 77 86 742 91">
    <p class='ocr_par' dir='ltr' id='par_1_2' title="bbox 77 86 742 91">
     <span class='ocr_line' id='line_1_2' title="bbox 77 86 742 91; baseline 0 0"><span class='ocrx_word' id='word_1_4' title='bbox 77 86 742 91; x_wconf 95' lang='lat' dir='ltr'> </span> 
     </span>
    </p>
   </div>
   <div class='ocr_carea' id='block_1_3' title="bbox 76 113 755 1170">
    <p class='ocr_par' dir='ltr' id='par_1_3' title="bbox 76 113 753 203">
     <span class='ocr_line' id='line_1_3' title="bbox 122 113 753 139; baseline -0.005 -5"><span class='ocrx_word' id='word_1_5' title='bbox 122 115 164 134; x_wconf 87' lang='lat' dir='ltr'>Art.</span> <span class='ocrx_word' id='word_1_6' title='bbox 180 115 231 134; x_wconf 90' lang='lat' dir='ltr'>XIV.</span> <span class='ocrx_word' id='word_1_7' title='bbox 248 115 367 139; x_wconf 87' lang='lat' dir='ltr'>Presbyteris</span> <span class='ocrx_word' id='word_1_8' title='bbox 381 114 466 133; x_wconf 80' lang='lat' dir='ltr'>ruthenis</span> <span class='ocrx_word' id='word_1_9' title='bbox 481 114 500 133; x_wconf 92' lang='lat' dir='ltr'>in</span> <span class='ocrx_word' id='word_1_10' title='bbox 514 114 604 132; x_wconf 86' lang='lat' dir='ltr'>Ameriea</span> <span class='ocrx_word' id='word_1_11' title='bbox 620 113 753 132; x_wconf 84' lang='lat' dir='ltr'>commoranti-</span> 
     </span>
     <span class='ocr_line' id='line_1_4' title="bbox 76 144 753 171; baseline -0.004 -6"><span class='ocrx_word' id='word_1_12' title='bbox 76 147 118 165; x_wconf 78' lang='lat' dir='ltr'>‘bus</span> <span class='ocrx_word' id='word_1_13' title='bbox 131 147 208 171; x_wconf 88' lang='lat' dir='ltr'>penitus</span> <span class='ocrx_word' id='word_1_14' title='bbox 222 146 344 167; x_wconf 73' lang='lat' dir='ltr'>interdicitur,</span> <span class='ocrx_word' id='word_1_15' title='bbox 360 152 384 164; x_wconf 91' lang='lat' dir='ltr'>ne</span> <span class='ocrx_word' id='word_1_16' title='bbox 398 145 505 170; x_wconf 85' lang='lat' dir='ltr'>baptizatos</span> <span class='ocrx_word' id='word_1_17' title='bbox 519 151 573 163; x_wconf 83' lang='lat' dir='ltr'>sacro</span> <span class='ocrx_word' id='word_1_18' title='bbox 588 144 695 163; x_wconf 80' lang='lat' dir='ltr'>Chrismate</span> <span class='ocrx_word' id='word_1_19' title='bbox 709 150 753 162; x_wconf 82' lang='lat' dir='ltr'>con-</span> 
     </span>
     <span class='ocr_line' id='line_1_5' title="bbox 78 175 688 203; baseline -0.007 -6"><span class='ocrx_word' id='word_1_20' title='bbox 78 178 169 203; x_wconf 83' lang='lat' dir='ltr'>signent:</span> <span class='ocrx_word' id='word_1_21' title='bbox 185 181 205 196; x_wconf 85' lang='lat' dir='ltr'>et</span> <span class='ocrx_word' id='word_1_22' title='bbox 218 177 233 196; x_wconf 86' lang='lat' dir='ltr'>si</span> <span class='ocrx_word' id='word_1_23' title='bbox 248 183 303 196; x_wconf 81' lang='lat' dir='ltr'>secus</span> <span class='ocrx_word' id='word_1_24' title='bbox 317 177 400 198; x_wconf 77' lang='lat' dir='ltr'>fecerint,</span> <span class='ocrx_word' id='word_1_25' title='bbox 416 177 478 195; x_wconf 76' lang='lat' dir='ltr'>sciant</span> <span class='ocrx_word' id='word_1_26' title='bbox 491 182 512 195; x_wconf 91' lang='lat' dir='ltr'>se</span> <span class='ocrx_word' id='word_1_27' title='bbox 522 175 604 194; x_wconf 80' lang='lat' dir='ltr'>invalide</span> <span class='ocrx_word' id='word_1_28' title='bbox 618 175 688 200; x_wconf 80' lang='lat' dir='ltr'>egisse.</span> 
     </span>
    </p>

    <p class='ocr_par' dir='ltr' id='par_1_4' title="bbox 77 207 753 576">
     <span class='ocr_line' id='line_1_6' title="bbox 122 207 753 232; baseline -0.005 -5"><span class='ocrx_word' id='word_1_29' title='bbox 122 209 164 228; x_wconf 86' lang='lat' dir='ltr'>Art.</span> <span class='ocrx_word' id='word_1_30' title='bbox 175 209 218 227; x_wconf 92' lang='lat' dir='ltr'>XV.</span> <span class='ocrx_word' id='word_1_31' title='bbox 234 208 319 232; x_wconf 79' lang='lat' dir='ltr'>Quilibet</span> <span class='ocrx_word' id='word_1_32' title='bbox 335 208 426 227; x_wconf 84' lang='lat' dir='ltr'>ruthenus</span> <span class='ocrx_word' id='word_1_33' title='bbox 444 207 534 226; x_wconf 82' lang='lat' dir='ltr'>sacerdos</span> <span class='ocrx_word' id='word_1_34' title='bbox 552 213 575 225; x_wconf 87' lang='lat' dir='ltr'>ex</span> <span class='ocrx_word' id='word_1_35' title='bbox 593 207 670 231; x_wconf 83' lang='lat' dir='ltr'>Europa</span> <span class='ocrx_word' id='word_1_36' title='bbox 684 212 753 231; x_wconf 88' lang='lat' dir='ltr'>prove-</span> 
     </span>
     <span class='ocr_line' id='line_1_7' title="bbox 81 239 752 262; baseline -0.003 -4"><span class='ocrx_word' id='word_1_37' title='bbox 81 240 137 258; x_wconf 80' lang='lat' dir='ltr'>niens</span> <span class='ocrx_word' id='word_1_38' title='bbox 151 244 170 258; x_wconf 91' lang='lat' dir='ltr'>et</span> <span class='ocrx_word' id='word_1_39' title='bbox 184 240 202 258; x_wconf 88' lang='lat' dir='ltr'>in</span> <span class='ocrx_word' id='word_1_40' title='bbox 217 240 332 258; x_wconf 79' lang='lat' dir='ltr'>Civitatibus</span> <span class='ocrx_word' id='word_1_41' title='bbox 342 239 454 258; x_wconf 82' lang='lat' dir='ltr'>Foederatis</span> <span class='ocrx_word' id='word_1_42' title='bbox 468 239 569 257; x_wconf 82' lang='lat' dir='ltr'>Americae</span> <span class='ocrx_word' id='word_1_43' title='bbox 583 244 703 257; x_wconf 83' lang='lat' dir='ltr'>commorans</span> <span class='ocrx_word' id='word_1_44' title='bbox 717 244 752 262; x_wconf 90' lang='lat' dir='ltr'>pro</span> 
     </span>
     <span class='ocr_line' id='line_1_8' title="bbox 80 269 753 295; baseline -0.001 -6"><span class='ocrx_word' id='word_1_45' title='bbox 80 271 166 289; x_wconf 84' lang='lat' dir='ltr'>fidelium</span> <span class='ocrx_word' id='word_1_46' title='bbox 180 271 255 290; x_wconf 86' lang='lat' dir='ltr'>rutheni</span> <span class='ocrx_word' id='word_1_47' title='bbox 269 271 315 289; x_wconf 87' lang='lat' dir='ltr'>ritus</span> <span class='ocrx_word' id='word_1_48' title='bbox 330 270 422 295; x_wconf 83' lang='lat' dir='ltr'>spirituali</span> <span class='ocrx_word' id='word_1_49' title='bbox 436 277 487 291; x_wconf 86' lang='lat' dir='ltr'>cura,</span> <span class='ocrx_word' id='word_1_50' title='bbox 503 276 579 294; x_wconf 83' lang='lat' dir='ltr'>semper</span> <span class='ocrx_word' id='word_1_51' title='bbox 593 269 677 288; x_wconf 83' lang='lat' dir='ltr'>manebit</span> <span class='ocrx_word' id='word_1_52' title='bbox 694 269 753 288; x_wconf 84' lang='lat' dir='ltr'>incar-</span> 
     </span>
     <span class='ocr_line' id='line_1_9' title="bbox 77 300 752 327; baseline -0.001 -7"><span class='ocrx_word' id='word_1_53' title='bbox 77 302 160 320; x_wconf 78' lang='lat' dir='ltr'>dinatus</span> <span class='ocrx_word' id='word_1_54' title='bbox 173 302 257 320; x_wconf 87' lang='lat' dir='ltr'>dioecesi</span> <span class='ocrx_word' id='word_1_55' title='bbox 274 301 362 327; x_wconf 72' lang='lat' dir='ltr'>originis:</span> <span class='ocrx_word' id='word_1_56' title='bbox 382 305 466 320; x_wconf 76' lang='lat' dir='ltr'>attamen</span> <span class='ocrx_word' id='word_1_57' title='bbox 485 301 592 325; x_wconf 81' lang='lat' dir='ltr'>Episcopus</span> <span class='ocrx_word' id='word_1_58' title='bbox 610 301 702 319; x_wconf 84' lang='lat' dir='ltr'>ruthenus</span> <span class='ocrx_word' id='word_1_59' title='bbox 716 300 752 319; x_wconf 87' lang='lat' dir='ltr'>ori-</span> 
     </span>
     <span class='ocr_line' id='line_1_10' title="bbox 81 332 753 358; baseline -0.003 -6"><span class='ocrx_word' id='word_1_60' title='bbox 81 333 134 358; x_wconf 82' lang='lat' dir='ltr'>ginis</span> <span class='ocrx_word' id='word_1_61' title='bbox 147 333 296 352; x_wconf 78' lang='lat' dir='ltr'>iurisdictionem</span> <span class='ocrx_word' id='word_1_62' title='bbox 310 340 364 352; x_wconf 81' lang='lat' dir='ltr'>suam</span> <span class='ocrx_word' id='word_1_63' title='bbox 374 334 393 351; x_wconf 90' lang='lat' dir='ltr'>in</span> <span class='ocrx_word' id='word_1_64' title='bbox 403 339 445 351; x_wconf 86' lang='lat' dir='ltr'>eum</span> <span class='ocrx_word' id='word_1_65' title='bbox 461 332 562 351; x_wconf 80' lang='lat' dir='ltr'>nullimode</span> <span class='ocrx_word' id='word_1_66' title='bbox 572 332 668 351; x_wconf 84' lang='lat' dir='ltr'>exercebit</span> <span class='ocrx_word' id='word_1_67' title='bbox 681 332 753 356; x_wconf 79' lang='lat' dir='ltr'>quoad-</span> 
     </span>
     <span class='ocr_line' id='line_1_11' title="bbox 81 364 753 388; baseline 0 -6"><span class='ocrx_word' id='word_1_68' title='bbox 81 370 142 388; x_wconf 87' lang='lat' dir='ltr'>usque</span> <span class='ocrx_word' id='word_1_69' title='bbox 157 364 197 388; x_wconf 85' lang='lat' dir='ltr'>ipse</span> <span class='ocrx_word' id='word_1_70' title='bbox 212 364 230 382; x_wconf 88' lang='lat' dir='ltr'>in</span> <span class='ocrx_word' id='word_1_71' title='bbox 246 364 360 383; x_wconf 83' lang='lat' dir='ltr'>Civitatibus</span> <span class='ocrx_word' id='word_1_72' title='bbox 379 364 490 382; x_wconf 81' lang='lat' dir='ltr'>Foederatis</span> <span class='ocrx_word' id='word_1_73' title='bbox 506 364 660 382; x_wconf 82' lang='lat' dir='ltr'>commorabitur.</span> <span class='ocrx_word' id='word_1_74' title='bbox 682 364 702 382; x_wconf 93' lang='lat' dir='ltr'>ln</span> <span class='ocrx_word' id='word_1_75' title='bbox 721 369 753 388; x_wconf 73' lang='lat' dir='ltr'>pa-</span> 
     </span>
     <span class='ocr_line' id='line_1_12' title="bbox 79 395 753 420; baseline -0.001 -6"><span class='ocrx_word' id='word_1_76' title='bbox 79 396 137 414; x_wconf 78' lang='lat' dir='ltr'>triam</span> <span class='ocrx_word' id='word_1_77' title='bbox 152 399 216 414; x_wconf 87' lang='lat' dir='ltr'>autem</span> <span class='ocrx_word' id='word_1_78' title='bbox 231 402 288 420; x_wconf 86' lang='lat' dir='ltr'>supra</span> <span class='ocrx_word' id='word_1_79' title='bbox 302 395 347 414; x_wconf 77' lang='lat' dir='ltr'>dicti</span> <span class='ocrx_word' id='word_1_80' title='bbox 363 395 472 414; x_wconf 83' lang='lat' dir='ltr'>sacerdotes</span> <span class='ocrx_word' id='word_1_81' title='bbox 486 395 547 413; x_wconf 87' lang='lat' dir='ltr'>redire</span> <span class='ocrx_word' id='word_1_82' title='bbox 567 398 662 419; x_wconf 86' lang='lat' dir='ltr'>nequeant</span> <span class='ocrx_word' id='word_1_83' title='bbox 680 395 753 419; x_wconf 83' lang='lat' dir='ltr'>absque</span> 
     </span>
     <span class='ocr_line' id='line_1_13' title="bbox 79 426 752 451; baseline -0.001 -6"><span class='ocrx_word' id='word_1_84' title='bbox 79 432 175 451; x_wconf 84' lang='lat' dir='ltr'>expressa</span> <span class='ocrx_word' id='word_1_85' title='bbox 188 427 264 445; x_wconf 79' lang='lat' dir='ltr'>licentia</span> <span class='ocrx_word' id='word_1_86' title='bbox 274 426 370 445; x_wconf 85' lang='lat' dir='ltr'>Ordinarii</span> <span class='ocrx_word' id='word_1_87' title='bbox 381 426 496 447; x_wconf 80' lang='lat' dir='ltr'>Amerioani.</span> <span class='ocrx_word' id='word_1_88' title='bbox 507 427 526 444; x_wconf 87' lang='lat' dir='ltr'>in</span> <span class='ocrx_word' id='word_1_89' title='bbox 536 426 611 451; x_wconf 86' lang='lat' dir='ltr'>scriptis</span> <span class='ocrx_word' id='word_1_90' title='bbox 623 426 752 448; x_wconf 72' lang='lat' dir='ltr'>concedenda,</span> 
     </span>
     <span class='ocr_line' id='line_1_14' title="bbox 81 457 753 481; baseline 0 -5"><span class='ocrx_word' id='word_1_91' title='bbox 81 458 101 476; x_wconf 88' lang='lat' dir='ltr'>in</span> <span class='ocrx_word' id='word_1_92' title='bbox 116 458 170 476; x_wconf 89' lang='lat' dir='ltr'>cuius</span> <span class='ocrx_word' id='word_1_93' title='bbox 183 458 267 476; x_wconf 83' lang='lat' dir='ltr'>dioecesi</span> <span class='ocrx_word' id='word_1_94' title='bbox 282 464 356 476; x_wconf 83' lang='lat' dir='ltr'>sacrum</span> <span class='ocrx_word' id='word_1_95' title='bbox 371 458 495 476; x_wconf 86' lang='lat' dir='ltr'>ministerium</span> <span class='ocrx_word' id='word_1_96' title='bbox 509 462 604 476; x_wconf 84' lang='lat' dir='ltr'>exercent.</span> <span class='ocrx_word' id='word_1_97' title='bbox 627 457 684 481; x_wconf 80' lang='lat' dir='ltr'>Quod</span> <span class='ocrx_word' id='word_1_98' title='bbox 699 458 714 476; x_wconf 86' lang='lat' dir='ltr'>si</span> <span class='ocrx_word' id='word_1_99' title='bbox 728 457 753 476; x_wconf 85' lang='lat' dir='ltr'>de</span> 
     </span>
     <span class='ocr_line' id='line_1_15' title="bbox 81 489 752 508; baseline 0 -1"><span class='ocrx_word' id='word_1_100' title='bbox 81 495 120 507; x_wconf 91' lang='lat' dir='ltr'>una</span> <span class='ocrx_word' id='word_1_101' title='bbox 134 489 152 507; x_wconf 93' lang='lat' dir='ltr'>in</span> <span class='ocrx_word' id='word_1_102' title='bbox 167 489 223 508; x_wconf 70' lang='lat' dir='ltr'>aliurn</span> <span class='ocrx_word' id='word_1_103' title='bbox 238 489 340 508; x_wconf 86' lang='lat' dir='ltr'>dioecesim</span> <span class='ocrx_word' id='word_1_104' title='bbox 356 489 459 507; x_wconf 83' lang='lat' dir='ltr'>Civitatum</span> <span class='ocrx_word' id='word_1_105' title='bbox 474 489 622 508; x_wconf 82' lang='lat' dir='ltr'>Foederatarum</span> <span class='ocrx_word' id='word_1_106' title='bbox 637 495 657 507; x_wconf 84' lang='lat' dir='ltr'>se</span> <span class='ocrx_word' id='word_1_107' title='bbox 667 489 752 507; x_wconf 81' lang='lat' dir='ltr'>conferre</span> 
     </span>
     <span class='ocr_line' id='line_1_16' title="bbox 79 520 752 545; baseline 0 -7"><span class='ocrx_word' id='word_1_108' title='bbox 79 520 165 545; x_wconf 81' lang='lat' dir='ltr'>cupiant,</span> <span class='ocrx_word' id='word_1_109' title='bbox 180 520 281 544; x_wconf 82' lang='lat' dir='ltr'>requiritur</span> <span class='ocrx_word' id='word_1_110' title='bbox 295 527 400 539; x_wconf 79' lang='lat' dir='ltr'>consensus</span> <span class='ocrx_word' id='word_1_111' title='bbox 414 520 505 544; x_wconf 84' lang='lat' dir='ltr'>Episcopi</span> <span class='ocrx_word' id='word_1_112' title='bbox 514 527 526 539; x_wconf 83' lang='lat' dir='ltr'><em>a</em></span> <span class='ocrx_word' id='word_1_113' title='bbox 535 527 570 544; x_wconf 81' lang='lat' dir='ltr'>quo</span> <span class='ocrx_word' id='word_1_114' title='bbox 579 524 598 539; x_wconf 86' lang='lat' dir='ltr'>et</span> <span class='ocrx_word' id='word_1_115' title='bbox 607 520 634 538; x_wconf 85' lang='lat' dir='ltr'>ad</span> <span class='ocrx_word' id='word_1_116' title='bbox 646 526 705 544; x_wconf 74' lang='lat' dir='ltr'>quem,</span> <span class='ocrx_word' id='word_1_117' title='bbox 720 526 752 544; x_wconf 89' lang='lat' dir='ltr'>op-</span> 
     </span>
     <span class='ocr_line' id='line_1_17' title="bbox 81 551 590 576; baseline 0 -6"><span class='ocrx_word' id='word_1_118' title='bbox 81 555 163 576; x_wconf 86' lang='lat' dir='ltr'>portune</span> <span class='ocrx_word' id='word_1_119' title='bbox 178 552 227 570; x_wconf 83' lang='lat' dir='ltr'>sacto</span> <span class='ocrx_word' id='word_1_120' title='bbox 242 552 322 570; x_wconf 86' lang='lat' dir='ltr'>certiore</span> <span class='ocrx_word' id='word_1_121' title='bbox 336 552 433 576; x_wconf 84' lang='lat' dir='ltr'>Episcopo</span> <span class='ocrx_word' id='word_1_122' title='bbox 448 551 523 570; x_wconf 87' lang='lat' dir='ltr'>rutheni</span> <span class='ocrx_word' id='word_1_123' title='bbox 539 551 590 569; x_wconf 89' lang='lat' dir='ltr'>ritus.</span> 
     </span>
    </p>

    <p class='ocr_par' dir='ltr' id='par_1_5' title="bbox 78 582 755 826">
     <span class='ocr_line' id='line_1_18' title="bbox 124 582 753 604; baseline 0 -3"><span class='ocrx_word' id='word_1_124' title='bbox 124 583 165 601; x_wconf 82' lang='lat' dir='ltr'>Art.</span> <span class='ocrx_word' id='word_1_125' title='bbox 181 582 232 601; x_wconf 91' lang='lat' dir='ltr'>XVI.</span> <span class='ocrx_word' id='word_1_126' title='bbox 248 583 300 601; x_wconf 82' lang='lat' dir='ltr'>Laici</span> <span class='ocrx_word' id='word_1_127' title='bbox 315 583 388 601; x_wconf 87' lang='lat' dir='ltr'>rutheni</span> <span class='ocrx_word' id='word_1_128' title='bbox 400 583 496 601; x_wconf 87' lang='lat' dir='ltr'>candidati</span> <span class='ocrx_word' id='word_1_129' title='bbox 510 583 534 601; x_wconf 83' lang='lat' dir='ltr'>ad</span> <span class='ocrx_word' id='word_1_130' title='bbox 549 583 637 604; x_wconf 88' lang='lat' dir='ltr'>Ordines,</span> <span class='ocrx_word' id='word_1_131' title='bbox 648 583 753 601; x_wconf 84' lang='lat' dir='ltr'>cuiuscum-</span> 
     </span>
     <span class='ocr_line' id='line_1_19' title="bbox 78 614 753 639; baseline 0 -7"><span class='ocrx_word' id='word_1_132' title='bbox 78 621 120 638; x_wconf 84' lang='lat' dir='ltr'>que</span> <span class='ocrx_word' id='word_1_133' title='bbox 135 614 214 639; x_wconf 83' lang='lat' dir='ltr'>originis</span> <span class='ocrx_word' id='word_1_134' title='bbox 228 618 247 633; x_wconf 83' lang='lat' dir='ltr'>et</span> <span class='ocrx_word' id='word_1_135' title='bbox 261 614 350 633; x_wconf 86' lang='lat' dir='ltr'>domicilii</span> <span class='ocrx_word' id='word_1_136' title='bbox 364 614 438 635; x_wconf 74' lang='lat' dir='ltr'>fuerint,</span> <span class='ocrx_word' id='word_1_137' title='bbox 453 614 478 632; x_wconf 93' lang='lat' dir='ltr'>illi</span> <span class='ocrx_word' id='word_1_138' title='bbox 492 614 575 633; x_wconf 84' lang='lat' dir='ltr'>dioecesi</span> <span class='ocrx_word' id='word_1_139' title='bbox 590 614 701 632; x_wconf 84' lang='lat' dir='ltr'>incardinati</span> <span class='ocrx_word' id='word_1_140' title='bbox 711 620 753 632; x_wconf 86' lang='lat' dir='ltr'>cen-</span> 
     </span>
     <span class='ocr_line' id='line_1_20' title="bbox 81 645 753 670; baseline 0 -6"><span class='ocrx_word' id='word_1_141' title='bbox 81 649 169 667; x_wconf 86' lang='lat' dir='ltr'>seantur,</span> <span class='ocrx_word' id='word_1_142' title='bbox 189 652 200 664; x_wconf 90' lang='lat' dir='ltr'>a</span> <span class='ocrx_word' id='word_1_143' title='bbox 219 646 272 664; x_wconf 84' lang='lat' dir='ltr'>cuius</span> <span class='ocrx_word' id='word_1_144' title='bbox 293 645 395 664; x_wconf 90' lang='lat' dir='ltr'>Ordinario</span> <span class='ocrx_word' id='word_1_145' title='bbox 417 646 510 670; x_wconf 81' lang='lat' dir='ltr'>acceptati</span> <span class='ocrx_word' id='word_1_146' title='bbox 529 646 609 667; x_wconf 80' lang='lat' dir='ltr'>fuerint,</span> <span class='ocrx_word' id='word_1_147' title='bbox 624 650 644 664; x_wconf 84' lang='lat' dir='ltr'>et</span> <span class='ocrx_word' id='word_1_148' title='bbox 662 652 697 670; x_wconf 86' lang='lat' dir='ltr'>pro</span> <span class='ocrx_word' id='word_1_149' title='bbox 715 652 753 670; x_wconf 88' lang='lat' dir='ltr'>qua</span> 
     </span>
     <span class='ocr_line' id='line_1_21' title="bbox 78 677 753 696; baseline 0 -1"><span class='ocrx_word' id='word_1_150' title='bbox 78 677 180 695; x_wconf 81' lang='lat' dir='ltr'>emiserint</span> <span class='ocrx_word' id='word_1_151' title='bbox 194 677 319 696; x_wconf 80' lang='lat' dir='ltr'>iuramentum</span> <span class='ocrx_word' id='word_1_152' title='bbox 335 677 429 696; x_wconf 85' lang='lat' dir='ltr'>missionis</span> <span class='ocrx_word' id='word_1_153' title='bbox 442 684 475 695; x_wconf 87' lang='lat' dir='ltr'>seu</span> <span class='ocrx_word' id='word_1_154' title='bbox 491 677 599 696; x_wconf 83' lang='lat' dir='ltr'>stabilitatis</span> <span class='ocrx_word' id='word_1_155' title='bbox 612 677 637 695; x_wconf 78' lang='lat' dir='ltr'>ad</span> <span class='ocrx_word' id='word_1_156' title='bbox 651 677 753 696; x_wconf 82' lang='lat' dir='ltr'>inservien-</span> 
     </span>
     <span class='ocr_line' id='line_1_22' title="bbox 78 708 753 733; baseline 0 -6"><span class='ocrx_word' id='word_1_157' title='bbox 78 708 129 726; x_wconf 88' lang='lat' dir='ltr'>dum</span> <span class='ocrx_word' id='word_1_158' title='bbox 142 708 160 726; x_wconf 89' lang='lat' dir='ltr'>in</span> <span class='ocrx_word' id='word_1_159' title='bbox 176 708 227 727; x_wconf 86' lang='lat' dir='ltr'>dicta</span> <span class='ocrx_word' id='word_1_160' title='bbox 240 708 329 727; x_wconf 81' lang='lat' dir='ltr'>dioecesi.</span> <span class='ocrx_word' id='word_1_161' title='bbox 346 709 377 727; x_wconf 89' lang='lat' dir='ltr'>Ab</span> <span class='ocrx_word' id='word_1_162' title='bbox 392 715 415 727; x_wconf 84' lang='lat' dir='ltr'>ea</span> <span class='ocrx_word' id='word_1_163' title='bbox 429 713 493 727; x_wconf 84' lang='lat' dir='ltr'>autem</span> <span class='ocrx_word' id='word_1_164' title='bbox 507 708 596 730; x_wconf 82' lang='lat' dir='ltr'>dioecesi,</span> <span class='ocrx_word' id='word_1_165' title='bbox 610 709 628 727; x_wconf 86' lang='lat' dir='ltr'>in</span> <span class='ocrx_word' id='word_1_166' title='bbox 643 715 680 733; x_wconf 82' lang='lat' dir='ltr'>qua</span> <span class='ocrx_word' id='word_1_167' title='bbox 694 709 753 727; x_wconf 83' lang='lat' dir='ltr'>incar-</span> 
     </span>
     <span class='ocr_line' id='line_1_23' title="bbox 78 739 754 764; baseline 0 -6"><span class='ocrx_word' id='word_1_168' title='bbox 78 740 142 758; x_wconf 85' lang='lat' dir='ltr'>dinati</span> <span class='ocrx_word' id='word_1_169' title='bbox 157 744 206 760; x_wconf 83' lang='lat' dir='ltr'>sunt,</span> <span class='ocrx_word' id='word_1_170' title='bbox 222 740 240 758; x_wconf 87' lang='lat' dir='ltr'>in</span> <span class='ocrx_word' id='word_1_171' title='bbox 255 739 311 758; x_wconf 79' lang='lat' dir='ltr'>aliam</span> <span class='ocrx_word' id='word_1_172' title='bbox 326 740 405 758; x_wconf 78' lang='lat' dir='ltr'>transire</span> <span class='ocrx_word' id='word_1_173' title='bbox 420 744 520 764; x_wconf 84' lang='lat' dir='ltr'>nequeant,</span> <span class='ocrx_word' id='word_1_174' title='bbox 537 740 571 758; x_wconf 89' lang='lat' dir='ltr'>nisi</span> <span class='ocrx_word' id='word_1_175' title='bbox 587 740 698 764; x_wconf 78' lang='lat' dir='ltr'>praehabito</span> <span class='ocrx_word' id='word_1_176' title='bbox 708 746 754 758; x_wconf 83' lang='lat' dir='ltr'>con-</span> 
     </span>
     <span class='ocr_line' id='line_1_24' title="bbox 80 771 755 796; baseline 0 -7"><span class='ocrx_word' id='word_1_177' title='bbox 80 777 140 789; x_wconf 91' lang='lat' dir='ltr'>sensu</span> <span class='ocrx_word' id='word_1_178' title='bbox 156 771 251 789; x_wconf 85' lang='lat' dir='ltr'>Ordinarii</span> <span class='ocrx_word' id='word_1_179' title='bbox 266 778 277 789; x_wconf 88' lang='lat' dir='ltr'>a</span> <span class='ocrx_word' id='word_1_180' title='bbox 292 777 327 795; x_wconf 82' lang='lat' dir='ltr'>quo</span> <span class='ocrx_word' id='word_1_181' title='bbox 336 775 355 789; x_wconf 88' lang='lat' dir='ltr'>et</span> <span class='ocrx_word' id='word_1_182' title='bbox 365 771 392 789; x_wconf 85' lang='lat' dir='ltr'>aa&#39;</span> <span class='ocrx_word' id='word_1_183' title='bbox 403 778 462 795; x_wconf 71' lang='lat' dir='ltr'>quam,</span> <span class='ocrx_word' id='word_1_184' title='bbox 473 777 494 789; x_wconf 88' lang='lat' dir='ltr'>ac</span> <span class='ocrx_word' id='word_1_185' title='bbox 509 775 616 796; x_wconf 86' lang='lat' dir='ltr'>opportune</span> <span class='ocrx_word' id='word_1_186' title='bbox 631 771 706 789; x_wconf 87' lang='lat' dir='ltr'>reddito</span> <span class='ocrx_word' id='word_1_187' title='bbox 715 777 755 789; x_wconf 82' lang='lat' dir='ltr'>eer-</span> 
     </span>
     <span class='ocr_line' id='line_1_25' title="bbox 81 802 400 826; baseline 0 -6"><span class='ocrx_word' id='word_1_188' title='bbox 81 802 132 821; x_wconf 84' lang='lat' dir='ltr'>tiore</span> <span class='ocrx_word' id='word_1_189' title='bbox 146 802 244 826; x_wconf 84' lang='lat' dir='ltr'>Episcopo</span> <span class='ocrx_word' id='word_1_190' title='bbox 259 802 333 820; x_wconf 77' lang='lat' dir='ltr'>rutheni</span> <span class='ocrx_word' id='word_1_191' title='bbox 348 803 400 821; x_wconf 86' lang='lat' dir='ltr'>ritus.</span> 
     </span>
    </p>

    <p class='ocr_par' dir='ltr' id='par_1_6' title="bbox 80 833 753 951">
     <span class='ocr_line' id='line_1_26' title="bbox 125 833 753 852; baseline 0.002 -1"><span class='ocrx_word' id='word_1_192' title='bbox 125 833 166 851; x_wconf 87' lang='lat' dir='ltr'>Art.</span> <span class='ocrx_word' id='word_1_193' title='bbox 182 833 242 852; x_wconf 87' lang='lat' dir='ltr'>XVII.</span> <span class='ocrx_word' id='word_1_194' title='bbox 258 833 332 852; x_wconf 84' lang='lat' dir='ltr'>Omnes</span> <span class='ocrx_word' id='word_1_195' title='bbox 347 838 430 852; x_wconf 78' lang='lat' dir='ltr'>rectores</span> <span class='ocrx_word' id='word_1_196' title='bbox 445 833 554 852; x_wconf 87' lang='lat' dir='ltr'>missionum</span> <span class='ocrx_word' id='word_1_197' title='bbox 570 834 691 852; x_wconf 84' lang='lat' dir='ltr'>ruthenarum</span> <span class='ocrx_word' id='word_1_198' title='bbox 704 833 753 852; x_wconf 84' lang='lat' dir='ltr'>Civi-</span> 
     </span>
     <span class='ocr_line' id='line_1_27' title="bbox 81 864 753 883; baseline 0 0"><span class='ocrx_word' id='word_1_199' title='bbox 81 869 143 883; x_wconf 77' lang='lat' dir='ltr'>tatum</span> <span class='ocrx_word' id='word_1_200' title='bbox 166 865 315 883; x_wconf 79' lang='lat' dir='ltr'>Foederatarum</span> <span class='ocrx_word' id='word_1_201' title='bbox 336 869 380 883; x_wconf 91' lang='lat' dir='ltr'>sunt</span> <span class='ocrx_word' id='word_1_202' title='bbox 401 864 512 883; x_wconf 89' lang='lat' dir='ltr'>amovibiles</span> <span class='ocrx_word' id='word_1_203' title='bbox 530 865 554 883; x_wconf 87' lang='lat' dir='ltr'>ad</span> <span class='ocrx_word' id='word_1_204' title='bbox 570 869 636 883; x_wconf 91' lang='lat' dir='ltr'>nuturn</span> <span class='ocrx_word' id='word_1_205' title='bbox 657 865 753 883; x_wconf 80' lang='lat' dir='ltr'>Ordinarii</span> 
     </span>
     <span class='ocr_line' id='line_1_28' title="bbox 80 896 753 920; baseline 0 -6"><span class='ocrx_word' id='word_1_206' title='bbox 80 896 125 917; x_wconf 69' lang='lat' dir='ltr'>lociv</span> <span class='ocrx_word' id='word_1_207' title='bbox 141 900 248 920; x_wconf 84' lang='lat' dir='ltr'>opportune</span> <span class='ocrx_word' id='word_1_208' title='bbox 262 896 330 914; x_wconf 80' lang='lat' dir='ltr'>effecto</span> <span class='ocrx_word' id='word_1_209' title='bbox 344 896 424 915; x_wconf 86' lang='lat' dir='ltr'>certiore</span> <span class='ocrx_word' id='word_1_210' title='bbox 434 896 530 920; x_wconf 87' lang='lat' dir='ltr'>Episcopo</span> <span class='ocrx_word' id='word_1_211' title='bbox 540 896 614 914; x_wconf 79' lang='lat' dir='ltr'>rutheni</span> <span class='ocrx_word' id='word_1_212' title='bbox 629 896 680 914; x_wconf 86' lang='lat' dir='ltr'>ritus.</span> <span class='ocrx_word' id='word_1_213' title='bbox 696 896 753 914; x_wconf 86' lang='lat' dir='ltr'>Amo-</span> 
     </span>
     <span class='ocr_line' id='line_1_29' title="bbox 80 927 720 951; baseline 0 -6"><span class='ocrx_word' id='word_1_214' title='bbox 80 927 123 945; x_wconf 89' lang='lat' dir='ltr'>veri</span> <span class='ocrx_word' id='word_1_215' title='bbox 137 931 200 945; x_wconf 90' lang='lat' dir='ltr'>autem</span> <span class='ocrx_word' id='word_1_216' title='bbox 215 933 253 945; x_wconf 90' lang='lat' dir='ltr'>non</span> <span class='ocrx_word' id='word_1_217' title='bbox 268 932 357 951; x_wconf 87' lang='lat' dir='ltr'>poterunt</span> <span class='ocrx_word' id='word_1_218' title='bbox 370 928 442 951; x_wconf 83' lang='lat' dir='ltr'>absque</span> <span class='ocrx_word' id='word_1_219' title='bbox 457 927 519 945; x_wconf 80' lang='lat' dir='ltr'>causis</span> <span class='ocrx_word' id='word_1_220' title='bbox 533 927 624 951; x_wconf 83' lang='lat' dir='ltr'>gravibus</span> <span class='ocrx_word' id='word_1_221' title='bbox 633 931 653 945; x_wconf 85' lang='lat' dir='ltr'>et</span> <span class='ocrx_word' id='word_1_222' title='bbox 662 927 720 946; x_wconf 88' lang='lat' dir='ltr'>iustis.</span> 
     </span>
    </p>

    <p class='ocr_par' dir='ltr' id='par_1_7' title="bbox 78 958 755 1134">
     <span class='ocr_line' id='line_1_30' title="bbox 124 958 754 983; baseline 0.002 -7"><span class='ocrx_word' id='word_1_223' title='bbox 124 958 165 978; x_wconf 85' lang='lat' dir='ltr'>Art.</span> <span class='ocrx_word' id='word_1_224' title='bbox 181 958 250 976; x_wconf 88' lang='lat' dir='ltr'>XVlIl.</span> <span class='ocrx_word' id='word_1_225' title='bbox 267 958 328 976; x_wconf 90' lang='lat' dir='ltr'>Datur</span> <span class='ocrx_word' id='word_1_226' title='bbox 343 962 405 976; x_wconf 73' lang='lat' dir='ltr'>tamen</span> <span class='ocrx_word' id='word_1_227' title='bbox 421 958 500 976; x_wconf 82' lang='lat' dir='ltr'>facultas</span> <span class='ocrx_word' id='word_1_228' title='bbox 515 958 626 983; x_wconf 86' lang='lat' dir='ltr'>presbytero</span> <span class='ocrx_word' id='word_1_229' title='bbox 644 963 708 977; x_wconf 84' lang='lat' dir='ltr'>amoto</span> <span class='ocrx_word' id='word_1_230' title='bbox 722 965 754 983; x_wconf 81' lang='lat' dir='ltr'>ap—</span> 
     </span>
     <span class='ocr_line' id='line_1_31' title="bbox 81 989 754 1015; baseline 0 -7"><span class='ocrx_word' id='word_1_231' title='bbox 81 990 206 1015; x_wconf 82' lang='lat' dir='ltr'>pellationem</span> <span class='ocrx_word' id='word_1_232' title='bbox 221 990 358 1014; x_wconf 83' lang='lat' dir='ltr'>interponendi.</span> <span class='ocrx_word' id='word_1_233' title='bbox 375 990 392 1008; x_wconf 93' lang='lat' dir='ltr'>in</span> <span class='ocrx_word' id='word_1_234' title='bbox 407 989 522 1011; x_wconf 81' lang='lat' dir='ltr'>devolutivo,</span> <span class='ocrx_word' id='word_1_235' title='bbox 533 994 600 1008; x_wconf 86' lang='lat' dir='ltr'>eontra</span> <span class='ocrx_word' id='word_1_236' title='bbox 614 990 710 1008; x_wconf 83' lang='lat' dir='ltr'>decretum</span> <span class='ocrx_word' id='word_1_237' title='bbox 725 996 754 1008; x_wconf 88' lang='lat' dir='ltr'>re-</span> 
     </span>
     <span class='ocr_line' id='line_1_32' title="bbox 81 1020 754 1045; baseline -0.001 -5"><span class='ocrx_word' id='word_1_238' title='bbox 81 1021 173 1040; x_wconf 86' lang='lat' dir='ltr'>motionis</span> <span class='ocrx_word' id='word_1_239' title='bbox 192 1021 216 1039; x_wconf 89' lang='lat' dir='ltr'>ad</span> <span class='ocrx_word' id='word_1_240' title='bbox 234 1021 315 1039; x_wconf 83' lang='lat' dir='ltr'>tribunal</span> <span class='ocrx_word' id='word_1_241' title='bbox 335 1021 424 1045; x_wconf 83' lang='lat' dir='ltr'>Delegati</span> <span class='ocrx_word' id='word_1_242' title='bbox 439 1021 545 1045; x_wconf 83' lang='lat' dir='ltr'>Apostolici</span> <span class='ocrx_word' id='word_1_243' title='bbox 560 1020 754 1045; x_wconf 79' lang='lat' dir='ltr'>Washingtoni&#39;ensis.</span> 
     </span>
     <span class='ocr_line' id='line_1_33' title="bbox 78 1052 755 1077; baseline -0.001 -6"><span class='ocrx_word' id='word_1_244' title='bbox 78 1053 115 1077; x_wconf 91' lang='lat' dir='ltr'>qui</span> <span class='ocrx_word' id='word_1_245' title='bbox 132 1053 182 1071; x_wconf 78' lang='lat' dir='ltr'>intra</span> <span class='ocrx_word' id='word_1_246' title='bbox 202 1056 241 1071; x_wconf 84' lang='lat' dir='ltr'>tres</span> <span class='ocrx_word' id='word_1_247' title='bbox 259 1058 335 1070; x_wconf 89' lang='lat' dir='ltr'>rnenses</span> <span class='ocrx_word' id='word_1_248' title='bbox 349 1059 360 1070; x_wconf 90' lang='lat' dir='ltr'>a</span> <span class='ocrx_word' id='word_1_249' title='bbox 374 1052 405 1070; x_wconf 88' lang='lat' dir='ltr'>die</span> <span class='ocrx_word' id='word_1_250' title='bbox 426 1052 558 1076; x_wconf 86' lang='lat' dir='ltr'>appellationis</span> <span class='ocrx_word' id='word_1_251' title='bbox 578 1058 654 1071; x_wconf 84' lang='lat' dir='ltr'>causam</span> <span class='ocrx_word' id='word_1_252' title='bbox 676 1052 755 1070; x_wconf 86' lang='lat' dir='ltr'>definire</span> 
     </span>
     <span class='ocr_line' id='line_1_34' title="bbox 79 1083 754 1107; baseline -0.001 -5"><span class='ocrx_word' id='word_1_253' title='bbox 79 1084 166 1104; x_wconf 80' lang='lat' dir='ltr'>curabit,</span> <span class='ocrx_word' id='word_1_254' title='bbox 181 1084 234 1102; x_wconf 81' lang='lat' dir='ltr'>salvo</span> <span class='ocrx_word' id='word_1_255' title='bbox 252 1089 327 1107; x_wconf 84' lang='lat' dir='ltr'>semper</span> <span class='ocrx_word' id='word_1_256' title='bbox 348 1083 388 1101; x_wconf 90' lang='lat' dir='ltr'>iure</span> <span class='ocrx_word' id='word_1_257' title='bbox 402 1090 489 1102; x_wconf 83' lang='lat' dir='ltr'>recursus</span> <span class='ocrx_word' id='word_1_258' title='bbox 506 1083 530 1101; x_wconf 82' lang='lat' dir='ltr'>ad</span> <span class='ocrx_word' id='word_1_259' title='bbox 545 1083 564 1101; x_wconf 83' lang='lat' dir='ltr'>S.</span> <span class='ocrx_word' id='word_1_260' title='bbox 580 1083 659 1104; x_wconf 85' lang='lat' dir='ltr'>Sedem,</span> <span class='ocrx_word' id='word_1_261' title='bbox 675 1084 720 1102; x_wconf 88' lang='lat' dir='ltr'>item</span> <span class='ocrx_word' id='word_1_262' title='bbox 734 1083 754 1102; x_wconf 86' lang='lat' dir='ltr'>in</span> 
     </span>
     <span class='ocr_line' id='line_1_35' title="bbox 79 1115 199 1134; baseline -0.008 0"><span class='ocrx_word' id='word_1_263' title='bbox 79 1115 199 1134; x_wconf 86' lang='lat' dir='ltr'>devolutivo.</span> 
     </span>
    </p>

    <p class='ocr_par' dir='ltr' id='par_1_8' title="bbox 125 1146 755 1170">
     <span class='ocr_line' id='line_1_36' title="bbox 125 1146 755 1170; baseline 0 -6"><span class='ocrx_word' id='word_1_264' title='bbox 125 1146 166 1164; x_wconf 79' lang='lat' dir='ltr'>Art.</span> <span class='ocrx_word' id='word_1_265' title='bbox 182 1146 235 1165; x_wconf 85' lang='lat' dir='ltr'>XIX.</span> <span class='ocrx_word' id='word_1_266' title='bbox 250 1146 387 1165; x_wconf 84' lang='lat' dir='ltr'>Sustentationi</span> <span class='ocrx_word' id='word_1_267' title='bbox 398 1146 502 1164; x_wconf 85' lang='lat' dir='ltr'>sacerdotis</span> <span class='ocrx_word' id='word_1_268' title='bbox 512 1146 619 1170; x_wconf 89' lang='lat' dir='ltr'>providebit</span> <span class='ocrx_word' id='word_1_269' title='bbox 629 1146 755 1165; x_wconf 76' lang='lat' dir='ltr'>communitas</span> 
     </span>
    </p>
   </div>
  </div>
 </body>
</html>
