921 1304
183 62 210 73 ιιι
394 59 419 73 Ex
429 59 444 73 5.
454 59 573 78 Congu-aganone
583 58 642 73 Rituum

285 131 323 159 EX
339 131 363 159 S.
375 130 613 159 essNGREGATloNE
630 129 742 159 RITUUM

448 175 581 189 ——35—

337 226 444 246 ORDINIS
462 225 691 245 PRAEDICATORUM

219 279 333 297 conceditur
345 279 449 296 transferri
460 278 533 296 festum
544 278 564 295 S.
572 279 671 296 Frmcisei
683 278 809 295 Assisiennis.

222 332 400 351 Reverendissirnus
407 332 463 351 Pater
473 332 528 351 frater
536 332 597 351 Maria
604 332 698 351 Henricus
706 332 849 357 Desqueyrous,

182 364 294 383 Procurator
308 363 403 388 generalis
418 363 496 382 Ordinis
508 363 667 385 Praedicatorum,
677 364 729 382 iuxta
738 368 803 382 votum
814 364 850 383 Ca-

181 395 235 420 pituli
245 394 345 420 generalis,
361 395 504 413 Sanctissimum
519 394 623 413 Dominum
638 395 729 413 Nostrum
745 395 798 413 Pium
816 395 850 413 Pa-

182 432 226 451 pam
236 426 256 445 X
269 426 378 445 humillimis
396 426 484 450 precibus
503 427 585 451 rogavit,
603 430 623 445 ut
636 426 703 445 festum
718 426 781 445 Sancti
792 425 851 445 Fran-

182 458 227 476 cisci
237 457 355 479 Assisiensis,
366 457 417 482 quod
425 458 449 476 ab
459 457 548 476 universo
557 458 625 476 eodem
636 457 714 478 Ordine.
725 457 755 476 die
769 463 781 481 4
791 457 851 476 Octo·

182 489 227 509 bris.
242 489 277 507 sub
291 489 328 507 ritu
338 492 379 507 toto
388 488 458 513 duplici
468 489 541 513 primae
555 488 621 507 classis
631 495 673 507 curn
684 489 757 507 Octava
769 488 849 507 solemni

182 520 276 541 recolitur,
291 520 386 538 transferri
400 520 463 538 valeat
477 520 495 538 in
510 524 621 544 sequentem
635 520 686 539 diem
700 520 785 545 quintam
801 520 851 539 eius*

181 552 226 570 dem
237 551 313 572 mensis,
321 552 396 576 quoties
408 551 494 570 inciderit
503 552 522 570 in
532 551 654 570 Dominicam
664 551 743 576 primam
754 551 849 572 Octobris,

182 583 298 602 solemnitati
319 583 437 602 Sanctissimi
452 583 537 604 Rosarii.
552 589 587 601 eeu
601 583 697 607 propriam
718 582 783 601 sedem
801 581 851 601 adsi-

182 618 272 639 gnatam;
293 614 385 633 translato
399 620 475 639 quoque
490 614 542 633 iuxta
556 614 648 633 Rubricas
662 614 725 632 officio
738 609 790 632 Beati
800 614 851 638 Ray·

183 646 248 665 mundi
262 646 349 671 Capuani
363 645 487 664 Consessoris

223 678 281 696 Sacra
295 683 352 702 porro
366 677 443 696 Rituum
454 677 592 702 Congregatio.
603 677 674 696 utendo
686 676 805 695 facultatibus
814 676 850 695 sibi

182 708 290 733 specialiter
307 709 332 727 ab
348 708 417 727 eodem
436 708 560 727 Sanctissimo
580 708 663 726 Domino
682 708 754 727 Nostro
769 707 850 728 tributis,

183 739 266 764 benigne
280 740 346 758 annuit
355 746 390 764 pro
403 740 467 764 gratia
477 739 529 758 iuxta
541 745 616 763 preces;
632 739 712 758 servatis
725 738 853 763 peculiaribus

182 770 262 789 Ordinis
278 770 371 789 Rubricis.
389 770 493 789 Contrariis
508 776 545 789 non
560 770 679 789 obstantibus
694 770 850 795 quibuscumque.

224 801 261 820 Die
278 802 300 820 16
315 801 413 820 Februarii
430 807 486 825 1907.

332 850 351 869 S.
366 850 422 869 Card.
434 850 527 871 Cam-om,
542 849 655 874 Praqsectus.

363 887 373 909 †
388 885 411 904 D.
424 886 493 907 Panici,
504 885 593 910 Archiep.
604 885 712 907 Laodicen,
728 886 851 905 Semtan'us.

450 988 584 1007 LUGANEN.

183 1038 212 1054 De
223 1037 355 1054 benedictione
366 1038 474 1058 episcopan
484 1037 568 1058 petenen
582 1042 595 1054 a
607 1038 700 1055 monice
713 1038 805 1059 theologo
821 1043 853 1056 u-

229 1069 283 1081 eram
294 1064 416 1085 scripturam
428 1064 516 1081 fidelibus
528 1065 655 1085 explicaturo-

226 1113 334 1132 Hodiernus
349 1113 439 1138 magister
453 1114 615 1133 caeremoniarum
629 1114 721 1133 ecelesiae
739 1114 854 1134 cathedralis

184 1145 315 1170 Luganensis.
330 1145 355 1163 de
371 1151 466 1164 consensu
483 1145 511 1164 sui
528 1145 572 1164 Rmi
586 1145 625 1164 Dni
639 1145 735 1170 Episcopi.
751 1145 854 1165 Sacrorum
