921 1304
325 57 350 71 Ex
361 56 444 71 Seentaria
455 57 504 70 Status
719 60 748 74 207

82 110 203 129 rationabiles
220 117 293 132 causas.
313 111 360 129 satis
376 111 411 129 erit
430 110 445 129 si
464 114 555 135 aegrotus
573 116 616 128 earn
635 110 750 128 haeredibus

82 142 171 166 imponat,
182 141 212 160 vel
226 141 276 160 serio
290 142 389 166 promittat
398 148 439 160 eam
454 142 544 160 initurum
559 141 574 159 si
584 141 707 162 convaluerit,
720 147 750 159 re-

83 176 133 191 moto
147 172 244 192 scandalo.

124 210 152 222 12.
168 203 280 222 Ordinarius
294 204 414 222 consessariis
433 204 469 222 sibi
486 204 586 224 benevisis,
602 207 687 227 tempore
705 210 750 227 qua-

82 234 207 260 dragesimae,
227 235 256 254 vel
274 241 370 254 sacrarum
388 235 505 256 missionum,
521 234 551 253 vel
570 238 650 259 urgente
665 234 749 259 paschali

82 271 189 291 praecepto,
205 263 313 285 facultatem
331 267 436 285 concedere
455 266 525 291 poterit
544 265 654 284 absolvendi
668 271 703 284 eos
717 265 749 290 qui

82 298 238 322 compositionem
252 298 316 316 statim
330 298 377 316 inire
392 301 493 322 nequeunt,
509 297 613 316 dummodo
627 297 684 315 iidem
699 297 750 315 serio

82 329 192 353 promittant
207 335 227 348 se
242 329 291 347 intra
304 329 353 348 duos
363 335 438 347 menses
452 329 477 348 ab
492 333 571 353 accepta
586 328 711 349 absolutione,
722 334 750 346 re-

82 367 159 379 cursum
166 360 263 379 habituros
273 361 297 379 ad
307 361 430 379 Ordinarium
440 367 475 385 pro
489 360 594 379 obtinenda
603 359 748 384 compositione,

82 395 154 410 remoto
168 392 243 410 interim
258 391 354 410 scandalo.

401 431 431 450 111.

124 478 152 495 13.
168 471 295 490 Permz'umdi
307 471 460 490 christifidelibus
475 476 495 490 ut
508 472 559 490 bona
573 471 670 490 Ecclesiae
688 471 750 496 aequi-

81 509 122 521 rere
135 503 218 524 valeant,
233 507 307 521 remoto
321 502 412 521 scandalo
426 507 446 521 et
459 509 482 521 ea
492 502 601 521 conditione
616 507 636 521 ut
650 503 714 521 statim
724 502 749 520 ad

81 534 244 558 compositionem,
259 538 279 552 ut
294 540 351 558 supra
365 534 476 555 faciendam,
491 534 598 552 deveniant.

123 571 151 588 ¹4·
167 565 186 583 Si
201 569 269 590 agatur
283 565 307 583 de
322 565 377 583 bonis
391 565 414 583 ad
425 565 518 584 Ordinem
532 565 562 583 vel
572 565 749 589 Congregationem

81 596 188 621 religiosam
199 596 342 620 pertinentibus
351 596 451 620 requiritur
461 602 565 615 consensus
572 596 694 620 Superiorum
702 596 749 614 eius-

81 627 124 645 dem
138 627 306 652 Congregationis.

123 664 152 682 15.
168 658 264 683 Exceptas
278 662 341 677 tamen
356 658 416 677 voluit
430 658 525 677 Sanctitas
535 658 573 677 Sua
587 658 683 679 ecclesias,
695 658 750 676 serni-

82 690 133 708 naria
147 696 182 708 nec
197 696 234 708 non
252 690 320 708 domus
334 690 452 715 episcopales
461 694 481 708 et
493 689 615 714 parochiales.
631 696 666 714 pro
680 689 750 713 quibus

81 721 166 740 emendis
180 721 204 739 ad
219 721 238 739 S.
253 721 323 739 Sedem
338 721 472 740 recurrendum
487 721 523 739 erit
537 721 555 739 in
570 720 650 745 singulis
666 720 747 739 casibus.

123 754 151 771 16.
168 752 280 771 Ordinarius
290 753 399 777 permittere
409 753 479 777 poterit
489 752 536 777 (imo
550 753 638 776 suadeat)
649 756 669 770 ut
683 751 749 770 fideles

81 784 112 808 qui
126 784 179 802 iuxta
193 784 247 808 leges
260 784 325 802 civiles
345 784 373 802 ius
391 784 468 805 habent,
488 784 583 802 actionem
599 783 749 807 recuperationis

80 814 150 838 (aetiam
163 821 186 833 en
199 815 276 839 reprist,
291 822 313 833 m
327 815 470 836 rmndicatzbn,
480 821 502 833 en
516 815 619 833 rdoocation
632 821 655 833 ou
669 821 692 833 m
703 815 749 833 νέω-

82 846 149 869 Iution)
164 850 266 865 exerceant
280 847 304 865 ad
319 846 360 867 hoc,
377 850 397 864 ut
411 846 442 870 pia
451 852 511 865 onera
525 846 577 865 iuxta
587 849 669 864 mentem
684 845 749 864 runda-

82 881 141 895 torum
154 877 253 902 adimpleri
264 877 342 901 possint.
358 877 419 896 Datur
429 882 493 896 autem
503 877 604 896 Ordinario
614 877 693 896 facultas
705 883 749 896 con-

82 908 159 927 cedendi
174 909 281 927 oratoribus
299 908 397 933 partialem
415 909 545 927 remissionem
560 909 652 927 bonorum
669 914 748 933 recupe-

83 943 169 961 ratorum,
180 940 256 964 quoties
265 940 356 964 speciales
366 940 518 958 circumstantiae
528 940 546 958 in
558 939 620 964 aliquo
630 946 675 958 casu
685 946 749 958 occur-

83 976 127 993 rant.
138 977 188 996 quae
198 971 250 990 iuxta
265 971 348 995 prudens
358 971 443 990 eiusdem
458 971 554 990 Ordinarii
569 971 658 990 iudicium
672 975 691 990 et
705 977 749 989 con-

83 1003 184 1024 scientiam,
200 1003 218 1021 id
232 1002 316 1027 exigant.

399 1038 431 1057 IV.

124 1084 152 1102 17.
167 1078 286 1103 Indulgandi
298 1078 320 1096 iis
334 1078 366 1102 qui
382 1084 437 1102 super
452 1078 507 1096 bonis
517 1078 667 1102 quibuscumque
677 1078 749 1096 habent

84 1109 169 1134 imposita
183 1108 248 1134 legata
262 1110 294 1134 pia
308 1109 338 1128 vel
353 1110 452 1128 missarum
465 1115 529 1131 oneray
545 1113 565 1127 ut
578 1115 601 1128 ea
615 1109 709 1127 redimere
718 1115 749 1127 va-

85 1140 132 1159 leant
140 1141 185 1159 data
195 1147 274 1162 summa,
285 1140 338 1159 cuius
348 1141 418 1159 fructus
426 1141 529 1165 quotannis
539 1140 623 1159 redditus
633 1140 749 1158 sufficientes
