921 1304
198 53 223 68 ἂν
233 53 248 67 S.
261 53 277 68 C.
289 53 416 73 Indulgentiarum
426 56 441 67 ει
451 53 477 67 SS.
489 53 589 72 Reliqufarum
700 54 727 72 ¹⁶9

62 107 83 126 sis
92 108 165 132 Aprilis
174 108 203 127 vel
213 108 310 133 propriam
320 108 438 132 rapectivae
448 108 491 133 piae
501 108 570 127 domus
582 108 688 129 eeclesiam,
699 113 727 127 se-

61 145 89 158 cus
104 139 251 164 uniuscuiusque
266 139 400 164 parochialem,
415 146 426 158 a
441 139 506 164 primis
526 139 612 164 vesperis
626 145 688 164 usque
701 139 726 158 ad

61 176 146 189 occasum
160 170 205 189 solis
219 170 293 189 dierum
307 170 421 191 huiusmodi,
436 170 517 195 singulis
531 171 586 189 annis
600 170 670 189 devote
683 171 727 189 visi-

61 202 143 223 tavei-int,
158 201 221 226 ibique
236 208 271 226 pro
284 201 430 220 christianorum
444 201 550 226 principum
565 201 672 223 concordia.
683 202 726 221 hae-

61 238 121 252 resum
134 233 267 257 extimatione,
277 236 400 258 peccatorum
414 232 539 251 conversione
549 238 571 251 ac
581 233 600 251 S.
612 233 677 251 matris
692 233 726 252 Ec-

61 264 126 283 clesiae
140 264 256 284 exaltatione
271 265 313 289 pins
326 264 350 283 nd
365 264 428 283 Deum
443 270 511 289 preces
528 264 634 285 effuderint,
649 270 687 289 qua
701 270 725 283 ex

60 295 145 320 praeestis
154 296 222 315 diebus
231 296 251 314 id
260 296 335 321 egerint
344 295 449 320 plenariam
459 296 544 314 omnium
552 300 674 320 peccatorum
684 302 726 314 suo-

60 333 97 345 rum
107 326 246 352 indulgentiam
256 331 275 346 ee
284 327 415 346 remissionem
429 333 486 351 quarn
495 327 553 346 etia-m
566 327 665 345 animabus
679 327 726 346 chri—

61 358 165 377 stifidelium
179 364 228 383 quae
239 358 282 377 Deo
296 358 315 377 in
325 358 416 377 charitate
424 362 549 382 consumptae
563 358 587 376 ab
597 358 632 377 hac
640 358 681 377 luce
694 358 726 376 mi-

59 390 153 413 graverint
167 395 201 414 per
215 389 292 408 modum
313 389 398 414 suffragii
412 389 509 414 applicare
523 389 606 413 possint.
622 389 726 408 misericor-

60 420 104 439 diter
118 421 137 439 in
152 420 237 439 Domino
251 420 373 439 concedimus
391 424 449 445 atque
463 420 571 445 elargimur.
592 420 726 439 Praesentibus

59 452 81 470 ad
94 452 221 476 septemnium
235 451 324 470 valituris.
342 451 435 470 Volumus
449 456 513 470 autem
524 456 544 470 ut
554 452 682 476 praesentium
696 452 725 471 lit-

59 487 138 502 terarum
152 483 276 508 transumptis
290 489 323 502 seu
335 483 429 508 exemplis
443 484 501 502 etiam
516 484 613 508 impressis
627 490 683 502 manu
694 484 726 503 ali-

59 514 108 533 euius
123 514 190 533 notarii
205 514 274 539 publici
289 514 400 539 subscriptis
414 518 433 533 et
448 514 510 539 sigillo
525 521 619 539 personae
633 515 652 533 in
667 515 726 534 eccle—

59 545 132 564 siastica
141 545 234 570 dignitate
249 546 363 564 constitutae
374 546 450 564 munitis
464 546 533 565 eadem
547 552 625 571 prorsus
637 546 684 565 fides
694 547 725 565 ad-

58 577 147 598 hibeatur,
156 583 205 601 quae
212 577 334 596 adhiberetur
341 577 387 601 ipsis
395 577 527 601 praesentibus
535 577 550 596 si
558 577 619 596 forent
628 577 724 596 exhibitae

59 607 86 626 vel
100 612 195 627 ostensae.

96 639 168 658 Datum
190 639 262 658 Romae
279 639 330 664 apud
346 639 365 658 S,
381 639 456 658 Petrum
474 640 509 658 sub
523 639 594 658 annulo
613 640 723 661 Piscatoris.

58 670 87 689 die
104 676 141 689 xxv
156 670 253 689 Februarii
271 676 387 692 nneccxcw,
406 670 529 689 Pontificatus
545 671 610 689 Nostri
629 677 679 690 anno
693 671 724 690 de-

57 701 104 720 cimo
118 705 193 721 octavo.

327 733 365 752 Pro
379 733 423 752 Duo
438 733 495 752 Card.
511 733 543 752 Du
556 733 659 753 Ruccmno

447 764 470 782 N.
487 764 562 785 Marini,
578 765 697 783 Substitutux

93 805 222 829 Prorogamus
237 805 257 823 in
267 807 384 829 perpetuum.

93 835 131 854 Die
147 842 171 858 24
186 836 299 854 Decembris
316 841 371 859 1907.

318 871 374 890 PIUS
388 871 422 890 PP.
440 871 459 889 X

93 920 201 939 Praesentis
215 920 301 944 rescripti
316 920 445 939 authenticum
460 920 559 944 exemplar
573 920 679 939 exhibitum
690 920 723 938 suit

56 951 95 970 huic
112 951 132 970 S.
147 951 169 970 C.
185 951 311 976 Indulgentiis
325 951 426 976 Sacrisque
442 951 534 976 Reliquiis
549 952 675 976 praepositae.
702 952 722 970 ln

55 988 134 1006 quorum
148 982 206 1001 fidem
220 987 256 1002 etc.

92 1013 164 1032 Datum
185 1014 259 1032 Romae
276 1020 286 1032 e
301 1014 408 1032 Secretaria
425 1014 510 1032 eiusdem
529 1013 548 1033 S.
563 1014 591 1035 C..
607 1013 637 1032 die
657 1020 679 1032 22
696 1014 722 1032 Ia-

55 1045 111 1064 nuarii
125 1045 181 1068 1908.

202 1076 246 1099 †D.
261 1076 330 1097 Panici,
345 1075 435 1100 Archiep.
451 1076 560 1097 Laodicen„
571 1076 693 1095 sternamus.
