921 1304
206 50 232 64 Ex
242 50 258 64 S⁴
271 50 287 64 C.
299 50 426 70 Indulgentiarum
437 52 451 64 e!
462 50 488 64 SS.
500 50 601 69 Reliquiarum
719 51 735 65 51

69 104 120 124 libus
134 104 230 129 suffiagia.
241 104 323 129 supplex
330 104 371 123 adit
385 104 404 123 S.
415 105 438 123 V.
448 104 559 129 implorans,
570 109 591 123 ut
604 105 701 129 praedicta
713 105 739 123 in-

69 135 169 160 dulgentia
183 136 255 160 aequiri
269 135 333 154 valeat
351 136 408 154 etiam
422 136 441 154 in
456 135 543 154 oratoriis
557 135 684 160 semipublicis
699 140 739 154 tum

70 166 208 186 monachorum
222 171 263 185 tum
276 166 447 185 sanctimonialium
462 167 553 191 praedicti
563 166 646 188 Ordinis,
657 167 676 185 in
689 167 740 186 savo-

69 204 111 217 rem
128 198 260 217 tantummodo
275 198 421 216 Communitatis
435 197 536 222 religiosae
550 204 585 216 nee
600 204 637 216 non
652 204 740 222 persona-

71 235 113 248 rum
129 229 147 248 in
162 229 203 254 ipsa
215 229 331 254 degentium.

112 260 138 279 Et
154 260 207 279 Deus
221 264 257 279 etc.

112 291 247 310 Sanctissimus
258 291 353 310 Dominus
362 291 432 310 Noster
442 291 485 310 Pius
496 291 530 309 PP.
540 291 563 312 X,
574 292 593 310 in
604 291 700 310 audientia
709 292 741 311 ha—

70 323 112 341 bita.
121 322 153 341 die
166 329 185 341 11
198 322 316 347 Septembris
328 328 376 346 1907
390 323 414 341 ab
429 322 547 347 infrascripto
556 323 662 342 Secretario
672 323 742 342 Sacrae

71 355 145 379 Congr.
160 354 286 379 Indulgentiis
300 354 400 378 Sam-isque
411 353 503 378 Reliquiis
517 354 643 378 praepositae,
659 354 742 379 benigne

70 385 139 404 annuit
153 391 188 410 pro
202 385 264 410 gratia
279 385 331 404 iuxta
345 391 417 410 preces.
432 386 501 404 ceteris
514 386 594 404 servatis
608 385 632 404 de
646 386 686 404 iure
705 392 742 404 ser-

71 416 146 435 vandis.
167 416 263 435 Praesenti
278 416 296 435 in
311 421 423 441 perpetuum
438 416 523 438 valituro.
539 417 611 441 absque
625 417 662 435 ulla
677 417 742 436 Brevis

71 447 201 472 expeditione.
216 447 322 466 Contrariis
336 447 487 472 quibuscumque
502 454 539 466 non
554 448 679 467 obstantibus.

114 478 186 497 Datum
201 479 280 499 Romae,
295 485 306 497 e
320 478 427 497 Secretaria
440 479 527 497 eiusdem
541 479 560 497 S.
573 479 741 504 Congregationis,

70 509 104 528 die
123 515 142 528 11
157 509 275 534 Septembris
293 515 348 533 ¹907·

263 559 299 577 Pro
313 559 363 577 Erho
378 559 434 577 Card.
451 559 548 578 Praefecto

283 590 312 608 Fr.
324 590 347 608 H.
359 590 384 608 Μ.
396 590 452 608 Card.
462 590 532 609 Gor-rt.

261 627 274 651 †
288 626 312 644 D.
321 626 384 644 Panici
396 626 485 650 Archiep.
495 626 603 647 Laodicen..
620 627 743 646 Sacra-tarius.

97 742 219 763 Indulgentia
232 746 267 762 pro
279 746 336 763 prece
348 741 468 759 infirmorum
479 746 492 759 a
503 742 524 759 N.
531 742 551 759 D.
564 741 587 759 de
599 742 722 763 “Lourdesw

117 791 136 809 0
143 791 208 812 Mnsie.
215 797 287 814 conque
295 797 339 809 sans
348 791 412 815 peche,
418 792 430 810 ὃ
437 791 575 810 Nocte-Darne
582 791 606 810 de
614 791 706 813 Lourdes.
713 792 744 816 qui

73 822 142 841 attirez
155 822 180 841 de
194 826 247 841 toute
260 826 303 847 part
316 828 352 841 vos
365 822 439 841 enfants
453 829 496 841 vers
510 822 528 841 la
541 823 610 842 Grotte
624 823 648 841 de
661 829 696 841 vos
706 823 746 847 Ap-

74 853 174 878 paritions,
189 859 238 872 vous
258 853 323 872 n'avez
337 854 391 872 cesse
411 853 555 878 d‘encourager,
571 860 605 878 par
618 854 745 872 d’innombra-

75 883 118 902 bles
138 882 230 905 bienfaits,
246 883 264 902 la
277 884 374 902 conflante
394 883 449 902 filiale
463 884 487 902 de
501 890 550 902 ceux
563 884 596 908 qui
610 888 644 903 ont
658 884 743 909 repondu

75 915 88 934 ὲ
102 919 156 933 votre
170 915 232 939 appel.
247 915 342 934 Soufl‘rant
356 915 403 933 dans
417 921 461 933 mon
476 921 532 939 corps
546 919 566 933 et
574 915 623 933 dans
637 922 681 934 mon
696 917 744 937 ame,

73 946 95 971 je
108 946 231 970 viens,apres
245 946 279 965 des
296 946 372 965 milliers
386 950 405 965 et
419 946 453 965 des
468 946 544 965 milliers
558 946 582 965 de
595 952 676 971 pauvres
690 946 746 965 mala-

75 977 118 999 des,
128 984 159 996 me
173 982 281 1002 prosternes·
294 977 306 996 ὲ
320 984 355 996 vos
368 977 423 1002 pieds
436 982 456 996 et
470 977 560 1002 implorer
573 977 590 996 la
604 979 662 1003 gfflce
676 978 700 996 de
715 984 746 996 ma

75 1009 174 1034 guerison,
193 1008 247 1027 Mete
260 1012 313 1027 toute
333 1009 397 1027 bonne
415 1013 434 1027 et
447 1013 500 1028 toute
521 1009 618 1033 puissante
639 1009 708 1033 aupres
722 1009 746 1028 de

76 1040 138 1059 Notre
152 1040 252 1064 Seigneur,
267 1040 321 1059 faites
335 1046 372 1064 que
383 1040 403 1064 je
417 1040 456 1059 sois
470 1040 540 1058 delivre
556 1040 580 1058 de
595 1046 635 1058 mes
649 1040 747 1059 infirmites

76 1076 97 1090 et
111 1077 148 1096 que
159 1071 179 1096 je
194 1071 258 1096 puisse
267 1077 368 1090 consacrer
380 1078 421 1090 mes
429 1071 490 1090 forces
499 1071 588 1090 retablies
602 1077 626 1090 au
641 1071 713 1090 service
722 1071 746 1090 de

77 1102 129 1121 Dieu
143 1106 163 1121 et
176 1102 200 1121 de
214 1109 255 1121 mes
269 1102 333 1122 freres.
348 1102 442 1121 Combien
456 1102 468 1121 il
482 1108 513 1121 me
527 1102 585 1120 serait
598 1102 650 1121 doux
666 1102 691 1121 de
705 1108 747 1126 pro·
769 1104 771 1106 '

76 1133 149 1153 clamer
158 1140 195 1158 que
201 1134 222 1158 je
231 1133 274 1152 dois
287 1133 299 1152 λ
312 1138 367 1152 votre
381 1134 504 1152 intercession
517 1133 535 1152 le
549 1138 613 1152 retour
627 1133 684 1152 d'une
693 1134 747 1152 sante
