921 1304
137 53 245 95 ACTA
268 54 420 95 ROMANI
442 55 660 97 PONTlFlClS

323 141 472 161 EPISTOLA

64 179 104 201 Qun
116 180 162 197 Pius
174 180 193 196 X
205 180 272 197 laudat
284 181 454 202 Archleplscopum
465 181 571 203 Quebecen.
586 182 610 198 nh
621 183 732 203 promotam

106 207 203 224 actionem
215 207 307 224 socialem
320 208 441 225 catholicam.

194 254 307 267 VENERABHJ
322 255 391 268 FRATRI
407 255 502 272 LUDOYICO
517 255 599 268 NAZARlo

239 285 387 299 ARCfflEPlSCOPO
403 286 554 302 QUEBECENSWM.

329 325 384 343 PIUS
398 325 433 343 PP.
449 326 468 344 X

83 360 199 379 Vcnerabilis
212 360 287 381 Frater,
306 361 385 379 salutem
399 364 416 379 et
428 362 556 385 Apostolicam
571 361 717 380 benedictionem.

104 410 147 433 Qua
157 414 177 428 tu
187 409 287 434 prudentia
297 414 316 428 et
325 410 423 435 vigilantia
433 410 596 429 Archidioecesim
606 417 663 436 regas
672 415 730 432 tuarn,

67 447 76 459 e
89 441 159 460 salubri
173 445 320 466 opportunoque
330 442 415 463 consilio,
426 442 480 466 quasi
490 448 515 460 ex
524 446 638 467 argumento
648 443 732 461 omnium

66 472 174 494 certissimo,
186 473 323 497 perspeximus.
334 473 390 497 quod,
399 473 507 492 discrimine
517 474 570 492 vario
580 474 732 498 gravissimoque

66 504 129 528 gregis
146 508 259 525 commotus.
279 510 345 522 reeens
364 510 385 522 es
403 504 508 529 amplexus,
528 505 608 523 aetionis
627 504 732 523 catholicae

66 535 138 554 socialis
152 535 203 559 apud
218 539 260 553 tuos
270 535 382 554 statuendae
392 542 434 554 eam
449 536 468 554 in
483 542 523 554 rem
537 540 563 557 ut,
575 542 609 560 pro
620 536 731 554 Pontificum

68 567 146 587 monitis,
157 570 251 590 quotquot
265 566 356 585 catholice
371 567 458 585 sentiunt*
464 568 538 585 actione
552 568 655 592 iungantur
669 567 732 586 catho-

66 597 104 619 lica,
119 597 217 623 legitimae
232 597 329 616 libertatis*
337 604 374 622 ope
389 598 424 616 sub
442 598 532 617 institutis
546 605 568 617 ae
585 598 683 622 disciplina
697 598 732 617 rei-

66 629 150 653 publicae
165 629 273 654 pugnaturi.
292 628 319 647 At
333 628 378 647 illud
396 633 494 653 praeterea
508 629 611 653 pervidisti,
627 629 643 648 si
662 629 732 648 fructus

66 664 188 684 expectentur
201 666 226 678 ex
240 660 315 678 actione
329 660 436 678 huiusmodi
452 660 519 678 uberes
534 667 578 679 vere
592 664 612 679 et
627 666 731 681 mansuros,

67 691 122 710 fulciri
138 698 179 710 eam
194 696 213 710 et
231 691 309 716 provehi
324 691 435 709 adiumento
453 691 584 709 commentarii
600 691 662 710 diurni
677 698 731 716 opor-

68 725 110 744 tere,
121 723 153 747 qui
167 727 231 741 tarnen
241 722 283 746 ipsa
296 722 324 740 sui
340 726 406 740 natura
416 726 435 740 et
450 722 501 740 omni
515 722 596 740 nominis
605 722 623 740 vi
637 728 658 741 se
668 722 732 741 catho-

67 753 120 772 licum
129 754 224 774 exhibeat,
235 753 280 772 nihil
295 753 330 772 nisi
341 753 453 771 catholicum
468 753 520 774 serat,
532 759 589 777 supra
603 753 685 772 civilium
695 753 732 772 dis<

67 785 162 803 sensiones
176 785 256 809 partium
267 784 355 805 emineat,
366 785 459 802 animatas
474 785 523 802 bene
534 784 641 803 voluntates
655 791 690 809 pro
700 785 733 803 de—

68 816 158 835 fendenda
168 816 259 841 religione
274 816 333 834 societ
347 820 366 834 et
376 816 476 836 devinciat.
491 815 599 840 populoque
614 816 732 840 sapientibus

68 847 214 872 incorruptisque
224 847 298 872 scriptis
308 846 416 871 praeluceat
431 846 449 864 in
459 846 557 865 Ecclesiae
570 847 634 871 reique
644 847 732 872 publicae

68 879 172 902 quaerenda
182 879 248 897 salute.
260 879 314 903 Opus
324 878 374 896 enirn
384 884 430 896 vero
437 878 550 902 aggrederis
557 878 673 902 amplissima
680 878 731 903 plebi

68 914 109 928 tuae
122 910 221 929 allaturum
231 910 339 931 commoda;
355 909 371 928 si
385 909 462 933 quidem
476 913 506 927 est
519 910 617 934 ingenium
630 910 697 928 aetatis
712 914 732 928 ut

68 947 114 965 quae
127 941 151 960 ad
166 941 240 960 vivendi
259 941 394 966 cogitandique
409 940 501 959 rationem
518 941 631 965 pertineanty
647 940 705 965 vulgo
719 947 730 959 e

69 972 129 991 diariis
142 979 285 997 quaquaversus
299 972 354 990 illatis
363 972 441 990 derivet.
457 971 546 996 Sequitur
561 976 581 990 ut
595 971 666 990 mederi
677 971 730 990 malis

69 1008 173 1023 nostrorum
187 1007 293 1028 temporum
308 1007 436 1022 consentanea
451 1002 523 1021 ratione
538 1002 646 1021 debeamus
665 1003 730 1027 ltaque

68 1035 134 1059 scripta
147 1035 222 1059 scriptis
239 1034 362 1059 opponenda:
378 1034 506 1052 disseminatis
525 1034 596 1058 passim
611 1034 733 1059 opinionibus

68 1065 116 1084 salsis
130 1066 248 1085 obiiciendae
262 1072 318 1085 verae
333 1069 385 1087 sunt;
401 1065 506 1090 propinatis
516 1065 597 1083 lectione
611 1066 690 1084 venenis
705 1072 732 1084 re-

69 1097 154 1120 perienda
169 1097 262 1116 medicina
280 1097 298 1115 in
313 1097 422 1115 salutarium
440 1096 542 1115 lectionum
557 1096 627 1120 pabulo
641 1101 680 1118 est;
696 1097 732 1115 dif-

70 1127 165 1147 fluentibus
179 1128 263 1152 quotidie
277 1128 369 1146 exitiosae
382 1128 500 1147 efficacitatis
514 1128 578 1146 diariis
591 1127 654 1152 aliquo
664 1128 731 1147 saltem

120 1167 147 1179 Acin
155 1168 168 1179 S-
175 1168 214 1181 Sedit!
222 1167 245 1178 vol.
253 1167 280 1180 XLI,
287 1168 320 1180 last.
330 1168 339 1178 A.
668 1168 681 1178 18
