<?xml version="1.0" encoding="UTF-8"?>
<!DOCTYPE html PUBLIC "-//W3C//DTD XHTML 1.0 Transitional//EN"
    "http://www.w3.org/TR/xhtml1/DTD/xhtml1-transitional.dtd">
<html xmlns="http://www.w3.org/1999/xhtml" xml:lang="en" lang="en">
 <head>
  <title>
</title>
<meta http-equiv="Content-Type" content="text/html;charset=utf-8" />
  <meta name='ocr-system' content='tesseract 3.04.00' />
  <meta name='ocr-capabilities' content='ocr_page ocr_carea ocr_par ocr_line ocrx_word'/>
</head>
<body>
  <div class='ocr_page' id='page_1' title='image "actasanctaesedi06popegoog_0082.png"; bbox 0 0 921 1304; ppageno 0'>
   <div class='ocr_carea' id='block_1_1' title="bbox 352 48 732 68">
    <p class='ocr_par' dir='ltr' id='par_1_1' title="bbox 352 48 732 68">
     <span class='ocr_line' id='line_1_1' title="bbox 352 48 732 68; baseline 0 -6"><span class='ocrx_word' id='word_1_1' title='bbox 352 48 448 68; x_wconf 70' lang='lat' dir='ltr'>Viglevanem</span> <span class='ocrx_word' id='word_1_2' title='bbox 714 52 722 66; x_wconf 92' lang='lat'><strong>7</strong></span> <span class='ocrx_word' id='word_1_3' title='bbox 725 48 732 62; x_wconf 84' lang='grc'><strong>5</strong></span> 
     </span>
    </p>
   </div>
   <div class='ocr_carea' id='block_1_2' title="bbox 60 101 735 1097">
    <p class='ocr_par' dir='ltr' id='par_1_2' title="bbox 60 101 734 627">
     <span class='ocr_line' id='line_1_2' title="bbox 62 101 733 126; baseline 0 -6"><span class='ocrx_word' id='word_1_4' title='bbox 62 102 167 123; x_wconf 85' lang='lat' dir='ltr'>beneficiis,</span> <span class='ocrx_word' id='word_1_5' title='bbox 178 108 227 126; x_wconf 86' lang='lat' dir='ltr'>quae</span> <span class='ocrx_word' id='word_1_6' title='bbox 241 102 364 126; x_wconf 77' lang='lat' dir='ltr'>pensionibus</span> <span class='ocrx_word' id='word_1_7' title='bbox 378 106 443 121; x_wconf 79' lang='lat' dir='ltr'>essent</span> <span class='ocrx_word' id='word_1_8' title='bbox 452 105 532 126; x_wconf 81' lang='lat' dir='ltr'>gravata</span> <span class='ocrx_word' id='word_1_9' title='bbox 542 102 578 125; x_wconf 81' lang='grc' dir='ltr'>(ι).</span> <span class='ocrx_word' id='word_1_10' title='bbox 595 101 619 120; x_wconf 88' lang='lat' dir='ltr'>Et</span> <span class='ocrx_word' id='word_1_11' title='bbox 628 101 689 126; x_wconf 88' lang='lat' dir='ltr'>primo</span> <span class='ocrx_word' id='word_1_12' title='bbox 699 107 733 126; x_wconf 83' lang='lat' dir='ltr'>pro</span> 
     </span>
     <span class='ocr_line' id='line_1_3' title="bbox 61 132 734 158; baseline 0 -7"><span class='ocrx_word' id='word_1_13' title='bbox 61 133 150 152; x_wconf 85' lang='lat' dir='ltr'>ecclesiis</span> <span class='ocrx_word' id='word_1_14' title='bbox 160 133 305 158; x_wconf 78' lang='lat' dir='ltr'>parochialibus,</span> <span class='ocrx_word' id='word_1_15' title='bbox 316 133 429 158; x_wconf 82' lang='lat' dir='ltr'>pensionum</span> <span class='ocrx_word' id='word_1_16' title='bbox 438 133 492 151; x_wconf 84' lang='lat' dir='ltr'>oneri</span> <span class='ocrx_word' id='word_1_17' title='bbox 506 132 601 154; x_wconf 81' lang='lat' dir='ltr'>subiectis.</span> <span class='ocrx_word' id='word_1_18' title='bbox 612 132 734 157; x_wconf 81' lang='lat' dir='ltr'>praescripsit</span> 
     </span>
     <span class='ocr_line' id='line_1_4' title="bbox 63 164 733 189; baseline 0 -7"><span class='ocrx_word' id='word_1_19' title='bbox 63 172 73 181; x_wconf 65' lang='grc' dir='ltr'>ι</span> <span class='ocrx_word' id='word_1_20' title='bbox 86 168 107 182; x_wconf 88' lang='lat' dir='ltr'>ut</span> <span class='ocrx_word' id='word_1_21' title='bbox 121 170 186 183; x_wconf 88' lang='lat' dir='ltr'>earum</span> <span class='ocrx_word' id='word_1_22' title='bbox 200 164 264 183; x_wconf 75' lang='lat' dir='ltr'>favore</span> <span class='ocrx_word' id='word_1_23' title='bbox 279 164 297 183; x_wconf 94' lang='lat' dir='ltr'>in</span> <span class='ocrx_word' id='word_1_24' title='bbox 307 164 431 189; x_wconf 76' lang='lat' dir='ltr'>pensionibus</span> <span class='ocrx_word' id='word_1_25' title='bbox 444 164 469 183; x_wconf 81' lang='lat' dir='ltr'>ab</span> <span class='ocrx_word' id='word_1_26' title='bbox 483 170 504 183; x_wconf 92' lang='lat' dir='ltr'>se</span> <span class='ocrx_word' id='word_1_27' title='bbox 516 164 647 188; x_wconf 82' lang='lat' dir='ltr'>persolvendis</span> <span class='ocrx_word' id='word_1_28' title='bbox 658 164 733 188; x_wconf 82' lang='lat' dir='ltr'>integra</span> 
     </span>
     <span class='ocr_line' id='line_1_5' title="bbox 61 195 733 220; baseline -0.001 -6"><span class='ocrx_word' id='word_1_29' title='bbox 61 201 141 220; x_wconf 80' lang='lat' dir='ltr'>semper</span> <span class='ocrx_word' id='word_1_30' title='bbox 150 200 170 214; x_wconf 82' lang='lat' dir='ltr'>et</span> <span class='ocrx_word' id='word_1_31' title='bbox 179 195 277 214; x_wconf 84' lang='lat' dir='ltr'>incolumis</span> <span class='ocrx_word' id='word_1_32' title='bbox 291 196 362 214; x_wconf 84' lang='lat' dir='ltr'>servari</span> <span class='ocrx_word' id='word_1_33' title='bbox 371 195 450 214; x_wconf 80' lang='lat' dir='ltr'>deberet</span> <span class='ocrx_word' id='word_1_34' title='bbox 464 201 549 220; x_wconf 74' lang='lat' dir='ltr'>congrua</span> <span class='ocrx_word' id='word_1_35' title='bbox 558 195 582 214; x_wconf 80' lang='lat' dir='ltr'>ad</span> <span class='ocrx_word' id='word_1_36' title='bbox 593 195 672 213; x_wconf 81' lang='lat' dir='ltr'>sormam</span> <span class='ocrx_word' id='word_1_37' title='bbox 684 195 733 214; x_wconf 89' lang='lat' dir='ltr'>Con-</span> 
     </span>
     <span class='ocr_line' id='line_1_6' title="bbox 61 226 733 251; baseline -0.001 -6"><span class='ocrx_word' id='word_1_38' title='bbox 61 226 100 245; x_wconf 75' lang='lat' dir='ltr'>cilii</span> <span class='ocrx_word' id='word_1_39' title='bbox 116 226 251 245; x_wconf 72' lang='lat' dir='ltr'>Tridentini».</span> <span class='ocrx_word' id='word_1_40' title='bbox 266 226 333 245; x_wconf 83' lang='lat' dir='ltr'>Relate</span> <span class='ocrx_word' id='word_1_41' title='bbox 347 233 393 245; x_wconf 90' lang='lat' dir='ltr'>vero</span> <span class='ocrx_word' id='word_1_42' title='bbox 407 226 432 245; x_wconf 88' lang='lat' dir='ltr'>ad</span> <span class='ocrx_word' id='word_1_43' title='bbox 446 227 583 248; x_wconf 78' lang='lat' dir='ltr'>beneficiarios,</span> <span class='ocrx_word' id='word_1_44' title='bbox 596 226 627 251; x_wconf 87' lang='lat' dir='ltr'>qui</span> <span class='ocrx_word' id='word_1_45' title='bbox 643 232 680 245; x_wconf 81' lang='lat' dir='ltr'>non</span> <span class='ocrx_word' id='word_1_46' title='bbox 696 232 733 244; x_wconf 86' lang='lat' dir='ltr'>mo-</span> 
     </span>
     <span class='ocr_line' id='line_1_7' title="bbox 61 257 734 282; baseline -0.001 -6"><span class='ocrx_word' id='word_1_47' title='bbox 61 257 127 276; x_wconf 84' lang='lat' dir='ltr'>dicam</span> <span class='ocrx_word' id='word_1_48' title='bbox 141 258 192 282; x_wconf 87' lang='lat' dir='ltr'>passi</span> <span class='ocrx_word' id='word_1_49' title='bbox 206 262 260 277; x_wconf 89' lang='lat' dir='ltr'>erant</span> <span class='ocrx_word' id='word_1_50' title='bbox 274 258 368 277; x_wconf 85' lang='lat' dir='ltr'>redituum</span> <span class='ocrx_word' id='word_1_51' title='bbox 383 257 528 276; x_wconf 83' lang='lat' dir='ltr'>diminutionem</span> <span class='ocrx_word' id='word_1_52' title='bbox 542 262 562 277; x_wconf 91' lang='lat' dir='ltr'>et</span> <span class='ocrx_word' id='word_1_53' title='bbox 576 258 619 276; x_wconf 83' lang='lat' dir='ltr'>hine</span> <span class='ocrx_word' id='word_1_54' title='bbox 633 261 734 276; x_wconf 82' lang='lat' dir='ltr'>evaserant</span> 
     </span>
     <span class='ocr_line' id='line_1_8' title="bbox 61 288 734 314; baseline -0.001 -6"><span class='ocrx_word' id='word_1_55' title='bbox 61 289 147 313; x_wconf 81' lang='lat' dir='ltr'>impares</span> <span class='ocrx_word' id='word_1_56' title='bbox 156 289 180 308; x_wconf 81' lang='lat' dir='ltr'>ad</span> <span class='ocrx_word' id='word_1_57' title='bbox 191 295 240 308; x_wconf 89' lang='lat' dir='ltr'>onus</span> <span class='ocrx_word' id='word_1_58' title='bbox 247 290 360 314; x_wconf 75' lang='lat' dir='ltr'>pensionum</span> <span class='ocrx_word' id='word_1_59' title='bbox 367 289 524 314; x_wconf 83' lang='lat' dir='ltr'>supportandum,</span> <span class='ocrx_word' id='word_1_60' title='bbox 533 290 599 308; x_wconf 76' lang='lat' dir='ltr'>statuit</span> <span class='ocrx_word' id='word_1_61' title='bbox 612 296 621 307; x_wconf 88' lang='lat'>‹</span> <span class='ocrx_word' id='word_1_62' title='bbox 629 293 649 307; x_wconf 91' lang='lat' dir='ltr'>ut</span> <span class='ocrx_word' id='word_1_63' title='bbox 655 288 734 307; x_wconf 87' lang='lat' dir='ltr'>amissio</span> 
     </span>
     <span class='ocr_line' id='line_1_9' title="bbox 62 320 734 340; baseline 0 -2"><span class='ocrx_word' id='word_1_64' title='bbox 62 320 93 339; x_wconf 84' lang='lat' dir='ltr'>vel</span> <span class='ocrx_word' id='word_1_65' title='bbox 103 320 203 339; x_wconf 86' lang='lat' dir='ltr'>diminutio</span> <span class='ocrx_word' id='word_1_66' title='bbox 213 321 308 339; x_wconf 86' lang='lat' dir='ltr'>redituum</span> <span class='ocrx_word' id='word_1_67' title='bbox 318 321 453 340; x_wconf 84' lang='lat' dir='ltr'>beneficiorum</span> <span class='ocrx_word' id='word_1_68' title='bbox 464 321 482 339; x_wconf 94' lang='lat' dir='ltr'>in</span> <span class='ocrx_word' id='word_1_69' title='bbox 497 321 592 339; x_wconf 88' lang='lat' dir='ltr'>communi</span> <span class='ocrx_word' id='word_1_70' title='bbox 603 320 734 339; x_wconf 83' lang='lat' dir='ltr'>beneficiarios</span> 
     </span>
     <span class='ocr_line' id='line_1_10' title="bbox 60 351 734 376; baseline 0 -6"><span class='ocrx_word' id='word_1_71' title='bbox 60 358 85 370; x_wconf 78' lang='lat' dir='ltr'>ac</span> <span class='ocrx_word' id='word_1_72' title='bbox 100 351 232 376; x_wconf 82' lang='lat' dir='ltr'>pensionarios</span> <span class='ocrx_word' id='word_1_73' title='bbox 246 352 360 373; x_wconf 82' lang='lat' dir='ltr'>afficiceret,</span> <span class='ocrx_word' id='word_1_74' title='bbox 377 352 427 370; x_wconf 87' lang='lat' dir='ltr'>nullo</span> <span class='ocrx_word' id='word_1_75' title='bbox 444 352 493 371; x_wconf 78' lang='lat' dir='ltr'>facto</span> <span class='ocrx_word' id='word_1_76' title='bbox 510 353 559 371; x_wconf 85' lang='lat' dir='ltr'>inter</span> <span class='ocrx_word' id='word_1_77' title='bbox 578 353 659 376; x_wconf 86' lang='lat' dir='ltr'>ipsamet</span> <span class='ocrx_word' id='word_1_78' title='bbox 677 352 734 370; x_wconf 87' lang='lat' dir='ltr'>bene-</span> 
     </span>
     <span class='ocr_line' id='line_1_11' title="bbox 61 383 734 408; baseline 0.001 -7"><span class='ocrx_word' id='word_1_79' title='bbox 61 383 106 401; x_wconf 59' lang='lat' dir='ltr'>ficia</span> <span class='ocrx_word' id='word_1_80' title='bbox 121 383 210 407; x_wconf 88' lang='lat' dir='ltr'>ipsasque</span> <span class='ocrx_word' id='word_1_81' title='bbox 224 384 327 408; x_wconf 81' lang='lat' dir='ltr'>pensiones</span> <span class='ocrx_word' id='word_1_82' title='bbox 341 384 455 404; x_wconf 74' lang='lat' dir='ltr'>discrimine,</span> <span class='ocrx_word' id='word_1_83' title='bbox 466 384 492 402; x_wconf 81' lang='lat' dir='ltr'>ita</span> <span class='ocrx_word' id='word_1_84' title='bbox 507 388 527 402; x_wconf 88' lang='lat' dir='ltr'>ut</span> <span class='ocrx_word' id='word_1_85' title='bbox 538 383 628 408; x_wconf 85' lang='lat' dir='ltr'>praefatis</span> <span class='ocrx_word' id='word_1_86' title='bbox 642 383 734 402; x_wconf 82' lang='lat' dir='ltr'>reditibus</span> 
     </span>
     <span class='ocr_line' id='line_1_12' title="bbox 62 414 734 439; baseline 0.001 -7"><span class='ocrx_word' id='word_1_87' title='bbox 62 414 168 433; x_wconf 85' lang='lat' dir='ltr'>imminutis</span> <span class='ocrx_word' id='word_1_88' title='bbox 178 415 207 433; x_wconf 89' lang='lat' dir='ltr'>vel</span> <span class='ocrx_word' id='word_1_89' title='bbox 216 415 297 436; x_wconf 84' lang='lat' dir='ltr'>amissis,</span> <span class='ocrx_word' id='word_1_90' title='bbox 309 415 374 434; x_wconf 87' lang='lat' dir='ltr'>habita</span> <span class='ocrx_word' id='word_1_91' title='bbox 388 415 517 439; x_wconf 79' lang='lat' dir='ltr'>proportione,</span> <span class='ocrx_word' id='word_1_92' title='bbox 529 415 613 433; x_wconf 84' lang='lat' dir='ltr'>imminui</span> <span class='ocrx_word' id='word_1_93' title='bbox 628 415 686 434; x_wconf 83' lang='lat' dir='ltr'>etiam</span> <span class='ocrx_word' id='word_1_94' title='bbox 699 421 734 439; x_wconf 88' lang='lat' dir='ltr'>pro</span> 
     </span>
     <span class='ocr_line' id='line_1_13' title="bbox 62 446 733 471; baseline 0 -6"><span class='ocrx_word' id='word_1_95' title='bbox 62 450 105 464; x_wconf 76' lang='lat' dir='ltr'>rata</span> <span class='ocrx_word' id='word_1_96' title='bbox 119 446 211 465; x_wconf 88' lang='lat' dir='ltr'>deberent</span> <span class='ocrx_word' id='word_1_97' title='bbox 220 450 252 465; x_wconf 87' lang='lat' dir='ltr'>aut</span> <span class='ocrx_word' id='word_1_98' title='bbox 266 453 342 465; x_wconf 83' lang='lat' dir='ltr'>cessare</span> <span class='ocrx_word' id='word_1_99' title='bbox 353 447 454 471; x_wconf 87' lang='lat' dir='ltr'>pensiones</span> <span class='ocrx_word' id='word_1_100' title='bbox 463 454 482 464; x_wconf 77' lang='lat'>».</span> <span class='ocrx_word' id='word_1_101' title='bbox 498 446 547 465; x_wconf 86' lang='lat' dir='ltr'>Hinc</span> <span class='ocrx_word' id='word_1_102' title='bbox 558 450 578 465; x_wconf 88' lang='lat' dir='ltr'>ut</span> <span class='ocrx_word' id='word_1_103' title='bbox 589 446 674 465; x_wconf 87' lang='lat' dir='ltr'>reductio</span> <span class='ocrx_word' id='word_1_104' title='bbox 689 452 733 470; x_wconf 87' lang='lat' dir='ltr'>pen-</span> 
     </span>
     <span class='ocr_line' id='line_1_14' title="bbox 61 477 733 502; baseline -0.001 -6"><span class='ocrx_word' id='word_1_105' title='bbox 61 478 124 496; x_wconf 78' lang='lat' dir='ltr'>sionis</span> <span class='ocrx_word' id='word_1_106' title='bbox 145 477 206 496; x_wconf 87' lang='lat' dir='ltr'>locum</span> <span class='ocrx_word' id='word_1_107' title='bbox 227 478 302 498; x_wconf 83' lang='lat' dir='ltr'>habeat.</span> <span class='ocrx_word' id='word_1_108' title='bbox 318 478 418 502; x_wconf 75' lang='lat' dir='ltr'>requiritur</span> <span class='ocrx_word' id='word_1_109' title='bbox 439 482 460 497; x_wconf 86' lang='lat' dir='ltr'>ut</span> <span class='ocrx_word' id='word_1_110' title='bbox 474 478 545 496; x_wconf 88' lang='lat' dir='ltr'>reditus</span> <span class='ocrx_word' id='word_1_111' title='bbox 567 477 680 496; x_wconf 74' lang='lat' dir='ltr'>beneficiarii</span> <span class='ocrx_word' id='word_1_112' title='bbox 696 483 733 495; x_wconf 90' lang='lat' dir='ltr'>non</span> 
     </span>
     <span class='ocr_line' id='line_1_15' title="bbox 62 509 734 533; baseline 0 -6"><span class='ocrx_word' id='word_1_113' title='bbox 62 509 160 527; x_wconf 79' lang='lat' dir='ltr'>modicam</span> <span class='ocrx_word' id='word_1_114' title='bbox 182 515 215 527; x_wconf 88' lang='lat' dir='ltr'>seu</span> <span class='ocrx_word' id='word_1_115' title='bbox 235 509 337 527; x_wconf 79' lang='lat' dir='ltr'>notabilem</span> <span class='ocrx_word' id='word_1_116' title='bbox 359 509 510 527; x_wconf 85' lang='lat' dir='ltr'>imminutionem</span> <span class='ocrx_word' id='word_1_117' title='bbox 531 509 582 533; x_wconf 84' lang='lat' dir='ltr'>passi</span> <span class='ocrx_word' id='word_1_118' title='bbox 604 509 680 530; x_wconf 81' lang='lat' dir='ltr'>suerint;</span> <span class='ocrx_word' id='word_1_119' title='bbox 696 515 734 532; x_wconf 90' lang='lat' dir='ltr'>quo</span> 
     </span>
     <span class='ocr_line' id='line_1_16' title="bbox 61 540 734 565; baseline 0 -7"><span class='ocrx_word' id='word_1_120' title='bbox 61 546 116 560; x_wconf 85' lang='lat' dir='ltr'>casu.</span> <span class='ocrx_word' id='word_1_121' title='bbox 131 546 206 564; x_wconf 83' lang='lat' dir='ltr'>semper</span> <span class='ocrx_word' id='word_1_122' title='bbox 220 540 291 559; x_wconf 84' lang='lat' dir='ltr'>intacta</span> <span class='ocrx_word' id='word_1_123' title='bbox 310 544 399 558; x_wconf 81' lang='lat' dir='ltr'>manente</span> <span class='ocrx_word' id='word_1_124' title='bbox 418 546 504 565; x_wconf 83' lang='lat' dir='ltr'>congrua</span> <span class='ocrx_word' id='word_1_125' title='bbox 522 546 557 558; x_wconf 89' lang='lat'>100</span> <span class='ocrx_word' id='word_1_126' title='bbox 571 540 684 558; x_wconf 75' lang='lat' dir='ltr'>ducatorum</span> <span class='ocrx_word' id='word_1_127' title='bbox 700 546 734 564; x_wconf 89' lang='lat' dir='ltr'>pro</span> 
     </span>
     <span class='ocr_line' id='line_1_17' title="bbox 62 571 734 596; baseline -0.001 -6"><span class='ocrx_word' id='word_1_128' title='bbox 62 571 179 595; x_wconf 83' lang='lat' dir='ltr'>praebendis</span> <span class='ocrx_word' id='word_1_129' title='bbox 193 571 337 596; x_wconf 78' lang='lat' dir='ltr'>paroecialibus,</span> <span class='ocrx_word' id='word_1_130' title='bbox 352 571 403 590; x_wconf 71' lang='lat' dir='ltr'>dicta</span> <span class='ocrx_word' id='word_1_131' title='bbox 415 571 521 590; x_wconf 84' lang='lat' dir='ltr'>imminutio</span> <span class='ocrx_word' id='word_1_132' title='bbox 536 571 610 590; x_wconf 84' lang='lat' dir='ltr'>afficere</span> <span class='ocrx_word' id='word_1_133' title='bbox 625 571 683 589; x_wconf 87' lang='lat' dir='ltr'>debet</span> <span class='ocrx_word' id='word_1_134' title='bbox 692 577 734 595; x_wconf 90' lang='lat' dir='ltr'>pro-</span> 
     </span>
     <span class='ocr_line' id='line_1_18' title="bbox 62 602 545 627; baseline -0.002 -6"><span class='ocrx_word' id='word_1_135' title='bbox 62 602 195 627; x_wconf 81' lang='lat' dir='ltr'>portionaliter</span> <span class='ocrx_word' id='word_1_136' title='bbox 210 603 350 621; x_wconf 82' lang='lat' dir='ltr'>beneficiarium</span> <span class='ocrx_word' id='word_1_137' title='bbox 365 607 384 621; x_wconf 83' lang='lat' dir='ltr'>et</span> <span class='ocrx_word' id='word_1_138' title='bbox 399 602 545 627; x_wconf 82' lang='lat' dir='ltr'>pensionarium.</span> 
     </span>
    </p>

    <p class='ocr_par' dir='ltr' id='par_1_3' title="bbox 60 633 735 1067">
     <span class='ocr_line' id='line_1_19' title="bbox 105 633 734 653; baseline -0.002 -1"><span class='ocrx_word' id='word_1_139' title='bbox 105 634 192 653; x_wconf 85' lang='lat' dir='ltr'>lamvero</span> <span class='ocrx_word' id='word_1_140' title='bbox 210 640 293 652; x_wconf 88' lang='lat' dir='ltr'>annuum</span> <span class='ocrx_word' id='word_1_141' title='bbox 308 640 356 652; x_wconf 91' lang='lat' dir='ltr'>onus</span> <span class='ocrx_word' id='word_1_142' title='bbox 370 634 434 652; x_wconf 83' lang='lat' dir='ltr'>tributi</span> <span class='ocrx_word' id='word_1_143' title='bbox 448 633 557 652; x_wconf 82' lang='lat' dir='ltr'>divitiarum</span> <span class='ocrx_word' id='word_1_144' title='bbox 570 633 666 652; x_wconf 86' lang='lat' dir='ltr'>mobilium</span> <span class='ocrx_word' id='word_1_145' title='bbox 682 634 700 651; x_wconf 93' lang='lat' dir='ltr'>in</span> <span class='ocrx_word' id='word_1_146' title='bbox 715 633 734 652; x_wconf 90' lang='lat' dir='ltr'>li-</span> 
     </span>
     <span class='ocr_line' id='line_1_20' title="bbox 61 665 734 689; baseline 0 -6"><span class='ocrx_word' id='word_1_147' title='bbox 61 665 120 684; x_wconf 82' lang='lat' dir='ltr'>bellis</span> <span class='ocrx_word' id='word_1_148' title='bbox 134 671 165 689; x_wconf 81' lang='lat'>35,</span> <span class='ocrx_word' id='word_1_149' title='bbox 182 667 205 689; x_wconf 84' lang='grc'>56</span> <span class='ocrx_word' id='word_1_150' title='bbox 220 666 257 684; x_wconf 78' lang='lat' dir='ltr'>diei</span> <span class='ocrx_word' id='word_1_151' title='bbox 279 666 344 689; x_wconf 88' lang='lat' dir='ltr'>nequit</span> <span class='ocrx_word' id='word_1_152' title='bbox 359 665 467 684; x_wconf 77' lang='lat' dir='ltr'>notabiliter</span> <span class='ocrx_word' id='word_1_153' title='bbox 488 665 600 683; x_wconf 87' lang='lat' dir='ltr'>imminuere</span> <span class='ocrx_word' id='word_1_154' title='bbox 618 665 689 683; x_wconf 85' lang='lat' dir='ltr'>reditus</span> <span class='ocrx_word' id='word_1_155' title='bbox 703 671 734 689; x_wconf 82' lang='lat' dir='ltr'>pa-</span> 
     </span>
     <span class='ocr_line' id='line_1_21' title="bbox 60 696 735 723; baseline -0.001 -8"><span class='ocrx_word' id='word_1_156' title='bbox 60 697 139 716; x_wconf 83' lang='lat' dir='ltr'>roeciae</span> <span class='ocrx_word' id='word_1_157' title='bbox 159 697 222 721; x_wconf 89' lang='lat' dir='ltr'>oppidi</span> <span class='ocrx_word' id='word_1_158' title='bbox 242 696 332 718; x_wconf 84' lang='lat' dir='ltr'>Lumelli,</span> <span class='ocrx_word' id='word_1_159' title='bbox 352 697 390 721; x_wconf 89' lang='lat' dir='ltr'>qui,</span> <span class='ocrx_word' id='word_1_160' title='bbox 406 697 460 715; x_wconf 87' lang='lat' dir='ltr'>nitidi</span> <span class='ocrx_word' id='word_1_161' title='bbox 474 697 499 714; x_wconf 93' lang='lat' dir='ltr'>ab</span> <span class='ocrx_word' id='word_1_162' title='bbox 512 696 564 723; x_wconf 76' lang='lat' dir='ltr'>pmni</span> <span class='ocrx_word' id='word_1_163' title='bbox 579 696 700 720; x_wconf 87' lang='lat' dir='ltr'>impositione</span> <span class='ocrx_word' id='word_1_164' title='bbox 715 700 735 714; x_wconf 85' lang='lat' dir='ltr'>et</span> 
     </span>
     <span class='ocr_line' id='line_1_22' title="bbox 61 727 733 750; baseline -0.001 -4"><span class='ocrx_word' id='word_1_165' title='bbox 61 733 115 748; x_wconf 72' lang='lat' dir='ltr'>taxa.</span> <span class='ocrx_word' id='word_1_166' title='bbox 130 734 180 746; x_wconf 82' lang='lat' dir='ltr'>nunc</span> <span class='ocrx_word' id='word_1_167' title='bbox 189 728 295 746; x_wconf 76' lang='lat' dir='ltr'>ascendunt</span> <span class='ocrx_word' id='word_1_168' title='bbox 309 728 347 746; x_wconf 82' lang='lat' dir='ltr'>fere</span> <span class='ocrx_word' id='word_1_169' title='bbox 362 728 385 746; x_wconf 82' lang='lat' dir='ltr'>ad</span> <span class='ocrx_word' id='word_1_170' title='bbox 400 733 469 746; x_wconf 80' lang='lat' dir='ltr'>novem</span> <span class='ocrx_word' id='word_1_171' title='bbox 485 727 541 746; x_wconf 83' lang='lat' dir='ltr'>millia</span> <span class='ocrx_word' id='word_1_172' title='bbox 556 727 665 746; x_wconf 88' lang='lat' dir='ltr'>libellarum.</span> <span class='ocrx_word' id='word_1_173' title='bbox 682 727 733 750; x_wconf 88' lang='lat' dir='ltr'>Quin</span> 
     </span>
     <span class='ocr_line' id='line_1_23' title="bbox 62 758 734 783; baseline -0.001 -6"><span class='ocrx_word' id='word_1_174' title='bbox 62 760 103 777; x_wconf 86' lang='lat' dir='ltr'>irno</span> <span class='ocrx_word' id='word_1_175' title='bbox 118 759 163 778; x_wconf 86' lang='lat' dir='ltr'>dicti</span> <span class='ocrx_word' id='word_1_176' title='bbox 177 759 255 780; x_wconf 81' lang='lat' dir='ltr'>reditus,</span> <span class='ocrx_word' id='word_1_177' title='bbox 270 763 314 783; x_wconf 86' lang='lat' dir='ltr'>post</span> <span class='ocrx_word' id='word_1_178' title='bbox 328 759 436 783; x_wconf 83' lang='lat' dir='ltr'>impositam</span> <span class='ocrx_word' id='word_1_179' title='bbox 451 759 564 783; x_wconf 75' lang='lat' dir='ltr'>pensionem</span> <span class='ocrx_word' id='word_1_180' title='bbox 579 759 642 783; x_wconf 88' lang='lat' dir='ltr'>potius</span> <span class='ocrx_word' id='word_1_181' title='bbox 658 758 734 777; x_wconf 77' lang='lat' dir='ltr'>adaucti</span> 
     </span>
     <span class='ocr_line' id='line_1_24' title="bbox 61 790 735 814; baseline 0 -6"><span class='ocrx_word' id='word_1_182' title='bbox 61 795 114 811; x_wconf 86' lang='lat' dir='ltr'>sunt,</span> <span class='ocrx_word' id='word_1_183' title='bbox 129 797 187 814; x_wconf 88' lang='lat' dir='ltr'>quum</span> <span class='ocrx_word' id='word_1_184' title='bbox 202 791 220 808; x_wconf 94' lang='lat' dir='ltr'>in</span> <span class='ocrx_word' id='word_1_185' title='bbox 235 790 305 809; x_wconf 84' lang='lat' dir='ltr'>recenti</span> <span class='ocrx_word' id='word_1_186' title='bbox 320 790 421 809; x_wconf 83' lang='lat' dir='ltr'>collatione</span> <span class='ocrx_word' id='word_1_187' title='bbox 433 791 533 814; x_wconf 87' lang='lat' dir='ltr'>paroeciae</span> <span class='ocrx_word' id='word_1_188' title='bbox 544 790 593 809; x_wconf 79' lang='lat' dir='ltr'>facta</span> <span class='ocrx_word' id='word_1_189' title='bbox 602 790 670 809; x_wconf 81' lang='lat' dir='ltr'>actuali</span> <span class='ocrx_word' id='word_1_190' title='bbox 681 796 735 814; x_wconf 84' lang='lat' dir='ltr'>paro-</span> 
     </span>
     <span class='ocr_line' id='line_1_25' title="bbox 61 821 734 846; baseline -0.001 -6"><span class='ocrx_word' id='word_1_191' title='bbox 61 821 106 842; x_wconf 79' lang='lat' dir='ltr'>cho,</span> <span class='ocrx_word' id='word_1_192' title='bbox 122 822 163 845; x_wconf 78' lang='lat' dir='ltr'>ipsa</span> <span class='ocrx_word' id='word_1_193' title='bbox 177 826 303 846; x_wconf 81' lang='lat' dir='ltr'>praegravata</span> <span class='ocrx_word' id='word_1_194' title='bbox 313 821 347 840; x_wconf 82' lang='lat' dir='ltr'>suit</span> <span class='ocrx_word' id='word_1_195' title='bbox 356 821 393 840; x_wconf 82' lang='lat' dir='ltr'>alia</span> <span class='ocrx_word' id='word_1_196' title='bbox 403 821 481 840; x_wconf 88' lang='lat' dir='ltr'>notabili</span> <span class='ocrx_word' id='word_1_197' title='bbox 496 822 588 846; x_wconf 78' lang='lat' dir='ltr'>pensione</span> <span class='ocrx_word' id='word_1_198' title='bbox 603 821 734 840; x_wconf 84' lang='lat' dir='ltr'>nonnullarum</span> 
     </span>
     <span class='ocr_line' id='line_1_26' title="bbox 63 852 735 877; baseline -0.001 -6"><span class='ocrx_word' id='word_1_199' title='bbox 63 852 143 871; x_wconf 86' lang='lat' dir='ltr'>millium</span> <span class='ocrx_word' id='word_1_200' title='bbox 158 852 262 872; x_wconf 83' lang='lat' dir='ltr'>libellarum</span> <span class='ocrx_word' id='word_1_201' title='bbox 276 853 339 872; x_wconf 80' lang='lat' dir='ltr'>favore</span> <span class='ocrx_word' id='word_1_202' title='bbox 350 853 425 877; x_wconf 88' lang='lat' dir='ltr'>hospitii</span> <span class='ocrx_word' id='word_1_203' title='bbox 435 853 565 877; x_wconf 83' lang='lat' dir='ltr'>operariorum</span> <span class='ocrx_word' id='word_1_204' title='bbox 575 852 656 871; x_wconf 81' lang='lat' dir='ltr'>civitatis</span> <span class='ocrx_word' id='word_1_205' title='bbox 671 852 735 876; x_wconf 81' lang='lat' dir='ltr'>Vigle-</span> 
     </span>
     <span class='ocr_line' id='line_1_27' title="bbox 62 884 735 909; baseline 0 -7"><span class='ocrx_word' id='word_1_206' title='bbox 62 884 159 902; x_wconf 86' lang='lat' dir='ltr'>vanensis.</span> <span class='ocrx_word' id='word_1_207' title='bbox 178 884 235 907; x_wconf 85' lang='lat' dir='ltr'>Quod</span> <span class='ocrx_word' id='word_1_208' title='bbox 250 885 311 909; x_wconf 84' lang='lat' dir='ltr'>magis</span> <span class='ocrx_word' id='word_1_209' title='bbox 326 884 433 909; x_wconf 82' lang='lat' dir='ltr'>urgendum</span> <span class='ocrx_word' id='word_1_210' title='bbox 448 890 491 902; x_wconf 87' lang='lat' dir='ltr'>esse</span> <span class='ocrx_word' id='word_1_211' title='bbox 506 884 532 902; x_wconf 87' lang='lat' dir='ltr'>ait</span> <span class='ocrx_word' id='word_1_212' title='bbox 545 884 564 902; x_wconf 93' lang='lat' dir='ltr'>in</span> <span class='ocrx_word' id='word_1_213' title='bbox 579 890 630 904; x_wconf 83' lang='lat' dir='ltr'>casu.</span> <span class='ocrx_word' id='word_1_214' title='bbox 645 884 661 902; x_wconf 87' lang='lat' dir='ltr'>si</span> <span class='ocrx_word' id='word_1_215' title='bbox 675 888 735 902; x_wconf 83' lang='lat' dir='ltr'>atten-</span> 
     </span>
     <span class='ocr_line' id='line_1_28' title="bbox 62 915 734 944; baseline -0.001 -10"><span class='ocrx_word' id='word_1_216' title='bbox 62 916 121 944; x_wconf 68' lang='lat' dir='ltr'>datur</span> <span class='ocrx_word' id='word_1_217' title='bbox 134 916 185 940; x_wconf 86' lang='lat' dir='ltr'>quod</span> <span class='ocrx_word' id='word_1_218' title='bbox 199 915 250 934; x_wconf 88' lang='lat' dir='ltr'>dieta</span> <span class='ocrx_word' id='word_1_219' title='bbox 265 916 337 940; x_wconf 84' lang='lat' dir='ltr'>pensio.</span> <span class='ocrx_word' id='word_1_220' title='bbox 348 916 366 934; x_wconf 85' lang='lat' dir='ltr'>vi</span> <span class='ocrx_word' id='word_1_221' title='bbox 381 916 451 934; x_wconf 83' lang='lat' dir='ltr'>decreti</span> <span class='ocrx_word' id='word_1_222' title='bbox 464 915 539 934; x_wconf 80' lang='lat' dir='ltr'>curialis</span> <span class='ocrx_word' id='word_1_223' title='bbox 548 922 564 933; x_wconf 90' lang='lat' dir='ltr'>a.</span> <span class='ocrx_word' id='word_1_224' title='bbox 579 916 634 938; x_wconf 82' lang='lat'>1807,</span> <span class='ocrx_word' id='word_1_225' title='bbox 645 915 734 939; x_wconf 81' lang='lat' dir='ltr'>imposita</span> 
     </span>
     <span class='ocr_line' id='line_1_29' title="bbox 62 946 734 971; baseline -0.001 -6"><span class='ocrx_word' id='word_1_226' title='bbox 62 947 98 965; x_wconf 84' lang='lat' dir='ltr'>suit</span> <span class='ocrx_word' id='word_1_227' title='bbox 116 954 125 964; x_wconf 88' lang='lat'>‹</span> <span class='ocrx_word' id='word_1_228' title='bbox 135 947 199 968; x_wconf 84' lang='lat' dir='ltr'>nitida,</span> <span class='ocrx_word' id='word_1_229' title='bbox 210 947 298 965; x_wconf 79' lang='lat' dir='ltr'>immunis</span> <span class='ocrx_word' id='word_1_230' title='bbox 311 951 330 965; x_wconf 90' lang='lat' dir='ltr'>et</span> <span class='ocrx_word' id='word_1_231' title='bbox 344 951 434 971; x_wconf 83' lang='lat' dir='ltr'>exempta</span> <span class='ocrx_word' id='word_1_232' title='bbox 435 961 467 965; x_wconf 70' lang='grc'><em>.....</em></span> <span class='ocrx_word' id='word_1_233' title='bbox 482 947 506 965; x_wconf 89' lang='lat' dir='ltr'>ab</span> <span class='ocrx_word' id='word_1_234' title='bbox 520 946 571 965; x_wconf 88' lang='lat' dir='ltr'>omni</span> <span class='ocrx_word' id='word_1_235' title='bbox 586 951 605 965; x_wconf 87' lang='lat' dir='ltr'>et</span> <span class='ocrx_word' id='word_1_236' title='bbox 614 952 734 971; x_wconf 80' lang='lat' dir='ltr'>quocumque</span> 
     </span>
     <span class='ocr_line' id='line_1_30' title="bbox 63 977 734 1002; baseline -0.003 -5"><span class='ocrx_word' id='word_1_237' title='bbox 63 979 161 997; x_wconf 89' lang='lat' dir='ltr'>ordinario</span> <span class='ocrx_word' id='word_1_238' title='bbox 175 982 194 996; x_wconf 87' lang='lat' dir='ltr'>et</span> <span class='ocrx_word' id='word_1_239' title='bbox 208 978 359 997; x_wconf 82' lang='lat' dir='ltr'>extraordinario</span> <span class='ocrx_word' id='word_1_240' title='bbox 378 982 417 997; x_wconf 88' lang='lat' dir='ltr'>tam</span> <span class='ocrx_word' id='word_1_241' title='bbox 436 978 525 1002; x_wconf 87' lang='lat' dir='ltr'>imposito</span> <span class='ocrx_word' id='word_1_242' title='bbox 543 984 600 1002; x_wconf 86' lang='lat' dir='ltr'>quam</span> <span class='ocrx_word' id='word_1_243' title='bbox 618 977 734 1002; x_wconf 84' lang='lat' dir='ltr'>imponendo</span> 
     </span>
     <span class='ocr_line' id='line_1_31' title="bbox 62 1008 735 1034; baseline -0.003 -5"><span class='ocrx_word' id='word_1_244' title='bbox 62 1016 123 1029; x_wconf 85' lang='lat' dir='ltr'>onere</span> <span class='ocrx_word' id='word_1_245' title='bbox 133 1017 150 1028; x_wconf 83' lang='lat'>›.</span> <span class='ocrx_word' id='word_1_246' title='bbox 166 1010 209 1029; x_wconf 85' lang='lat' dir='ltr'>Non</span> <span class='ocrx_word' id='word_1_247' title='bbox 224 1010 288 1034; x_wconf 77' lang='lat' dir='ltr'>itaque</span> <span class='ocrx_word' id='word_1_248' title='bbox 303 1010 332 1028; x_wconf 80' lang='lat' dir='ltr'>hic</span> <span class='ocrx_word' id='word_1_249' title='bbox 351 1010 434 1028; x_wconf 76' lang='lat' dir='ltr'>invoeari</span> <span class='ocrx_word' id='word_1_250' title='bbox 452 1014 517 1034; x_wconf 82' lang='lat' dir='ltr'>potest</span> <span class='ocrx_word' id='word_1_251' title='bbox 535 1009 637 1034; x_wconf 86' lang='lat' dir='ltr'>applicatio</span> <span class='ocrx_word' id='word_1_252' title='bbox 656 1008 735 1034; x_wconf 82' lang='lat' dir='ltr'>regulae</span> 
     </span>
     <span class='ocr_line' id='line_1_32' title="bbox 62 1041 582 1067; baseline -0.004 -7"><span class='ocrx_word' id='word_1_253' title='bbox 62 1041 160 1067; x_wconf 86' lang='lat' dir='ltr'>generalis</span> <span class='ocrx_word' id='word_1_254' title='bbox 174 1041 257 1060; x_wconf 81' lang='lat' dir='ltr'>sancitae</span> <span class='ocrx_word' id='word_1_255' title='bbox 273 1041 290 1059; x_wconf 91' lang='lat' dir='ltr'>in</span> <span class='ocrx_word' id='word_1_256' title='bbox 305 1041 382 1060; x_wconf 83' lang='lat' dir='ltr'>decreto</span> <span class='ocrx_word' id='word_1_257' title='bbox 399 1041 449 1064; x_wconf 72' lang='lat' dir='ltr'>Cum=</span> <span class='ocrx_word' id='word_1_258' title='bbox 460 1041 582 1065; x_wconf 74' lang='lat' dir='ltr'>nuperrimis.</span> 
     </span>
    </p>

    <p class='ocr_par' dir='ltr' id='par_1_4' title="bbox 105 1072 735 1097">
     <span class='ocr_line' id='line_1_33' title="bbox 105 1072 735 1097; baseline -0.003 -5"><span class='ocrx_word' id='word_1_259' title='bbox 105 1073 159 1092; x_wconf 84' lang='lat' dir='ltr'>Hane</span> <span class='ocrx_word' id='word_1_260' title='bbox 169 1077 233 1092; x_wconf 74' lang='lat' dir='ltr'>autem</span> <span class='ocrx_word' id='word_1_261' title='bbox 248 1073 342 1097; x_wconf 84' lang='lat' dir='ltr'>integram</span> <span class='ocrx_word' id='word_1_262' title='bbox 352 1073 453 1097; x_wconf 80' lang='lat' dir='ltr'>impositae</span> <span class='ocrx_word' id='word_1_263' title='bbox 468 1072 565 1097; x_wconf 84' lang='lat' dir='ltr'>pensionis</span> <span class='ocrx_word' id='word_1_264' title='bbox 575 1072 688 1091; x_wconf 84' lang='lat' dir='ltr'>solutionem</span> <span class='ocrx_word' id='word_1_265' title='bbox 704 1078 735 1095; x_wconf 79' lang='lat' dir='ltr'>pa-</span> 
     </span>
    </p>
   </div>
   <div class='ocr_carea' id='block_1_3' title="bbox 64 1118 146 1121">
    <p class='ocr_par' dir='ltr' id='par_1_5' title="bbox 64 1118 146 1121">
     <span class='ocr_line' id='line_1_34' title="bbox 64 1118 146 1121; baseline 0 0"><span class='ocrx_word' id='word_1_266' title='bbox 64 1118 146 1121; x_wconf 95' lang='lat' dir='ltr'> </span> 
     </span>
    </p>
   </div>
   <div class='ocr_carea' id='block_1_4' title="bbox 105 1139 453 1158">
    <p class='ocr_par' dir='ltr' id='par_1_6' title="bbox 105 1139 453 1158">
     <span class='ocr_line' id='line_1_35' title="bbox 105 1139 453 1158; baseline -0.003 -4"><span class='ocrx_word' id='word_1_267' title='bbox 105 1140 126 1157; x_wconf 75' lang='grc' dir='ltr'>(ι)</span> <span class='ocrx_word' id='word_1_268' title='bbox 138 1140 167 1154; x_wconf 70' lang='grc' dir='ltr'>εει.</span> <span class='ocrx_word' id='word_1_269' title='bbox 178 1140 214 1154; x_wconf 72' lang='lat' dir='ltr'>Am</span> <span class='ocrx_word' id='word_1_270' title='bbox 225 1140 240 1154; x_wconf 89' lang='lat' dir='ltr'>s.</span> <span class='ocrx_word' id='word_1_271' title='bbox 251 1140 299 1156; x_wconf 55' lang='lat' dir='ltr'>suis,</span> <span class='ocrx_word' id='word_1_272' title='bbox 310 1140 338 1153; x_wconf 76' lang='lat' dir='ltr'>vol.</span> <span class='ocrx_word' id='word_1_273' title='bbox 351 1144 364 1157; x_wconf 86' lang='lat'>7,</span> <span class='ocrx_word' id='word_1_274' title='bbox 375 1144 407 1158; x_wconf 51' lang='grc' dir='ltr'>μμ</span> <span class='ocrx_word' id='word_1_275' title='bbox 420 1139 453 1153; x_wconf 69' lang='lat'>³25.</span> 
     </span>
    </p>
   </div>
  </div>
 </body>
</html>
