921 1304
332 64 397 78 mee
408 64 500 83 Apostolicae
732 68 736 77 ι
743 68 747 77 1

76 124 112 137 seu
133 118 208 137 defectu
229 118 360 143 inexcogitato
378 122 397 137 et
414 118 533 137 substantiali
555 118 626 139 notari,
642 118 749 143 impugnari

77 153 112 168 aut
121 150 140 167 in
151 150 299 168 controversiam
310 153 329 168 et
339 149 428 168 iudicium
443 150 506 168 vocari
521 156 589 174 posse;
605 149 638 168 sed
652 153 749 174 tamquam

76 187 103 199 ex
125 180 235 199 Pontificiae
256 181 387 205 providentiae
408 181 471 199 officio
485 185 505 199 et
519 185 571 199 motu
593 181 679 205 proprio.
699 184 750 199 certa

76 212 168 233 scientia,
187 216 261 230 matura
282 212 428 233 deliberatione,
446 213 508 236 deque
525 212 608 231 Nostrae
626 211 751 236 Apostolicae

79 244 181 268 potestatis
195 243 313 267 plenitudine
334 243 405 265 editas,
424 243 534 262 omnimoda
552 243 641 262 firmitate
658 247 750 268 perpetuo

77 274 153 293 validas
169 279 189 293 et
207 274 295 293 efficaces
315 275 398 293 existere
417 279 436 293 et
451 275 499 296 sore,
516 281 599 299 suosque
618 274 713 299 plenarios
731 279 751 293 et

79 306 167 331 integros
180 306 259 324 effectus
276 306 337 324 sortiri
352 310 370 324 et
385 306 479 327 obtinere,
495 310 552 331 atque
571 306 595 324 ab
613 306 711 327 omnibus,
726 305 750 324 ad

77 343 129 362 quos
148 341 221 361 spectat
239 341 258 356 et
277 337 378 361 spectabit,
398 337 530 356 inviolabiliter
547 338 644 356 observari
663 337 751 356 volumus

78 373 99 387 et
114 368 239 390 decernimus,
255 368 329 387 sublata
343 369 460 393 cuicumque,
476 369 532 387 etiam
548 369 671 387 Cardinalitia
690 368 752 393 digni-

79 404 120 418 tate
134 399 218 424 fulgenti,
238 400 304 424 quavis
323 399 378 419 aliter
395 400 490 419 statuendi
508 404 528 419 et
542 400 680 425 interpretandi
696 399 752 418 facul-

79 435 128 450 tate:
144 431 217 450 irritum
232 438 308 456 quoque
322 435 342 450 et
356 431 412 450 inane
427 431 553 450 decernentes
566 431 658 456 quidquid
675 431 694 449 in
708 437 752 449 con-

79 463 159 481 trarium
173 463 254 481 scienter
268 462 296 481 vel
312 463 422 487 ignoranter
436 462 537 487 contigerit
548 463 644 482 attentari.

122 494 216 517 Quocirca
230 494 364 513 Venerabilem
379 494 465 512 Fratrem
480 494 604 518 Diomedem,
619 494 751 518 ArchiepiscoA

80 532 126 550 pum
141 525 236 544 titularem
250 525 387 546 Larissensem,
398 525 528 549 Nostrumque
538 525 590 549 apud
604 525 712 549 Episcopus
722 524 752 543 Ci-

79 557 160 575 vitatum
175 557 323 575 Foederatarum
338 557 439 575 Americae
454 556 612 581 Septentrionalis
629 556 750 581 Delegatum,

78 592 202 606 executorem
217 588 345 612 praesentium
361 587 471 612 Apostolica
486 587 598 606 auctoritate
613 588 751 608 constituimus,

79 623 101 638 ut
116 620 157 644 ipse
175 626 209 643 per
226 626 246 638 se
262 619 292 637 vel
311 625 344 643 per
362 619 419 637 alium
437 619 497 637 virum
514 618 642 637 ecclesiastica
658 618 752 643 dignitate

79 651 202 675 insignitum,
218 651 242 669 ab
256 657 280 669 eo
296 650 472 675 subdelegandum,
490 655 601 674 praesentes
621 650 700 668 Nostras
715 649 753 668 Lit-

79 687 132 701 teras
151 682 260 700 solemniter
282 682 371 706 publicet,
388 688 410 700 ac
429 681 493 700 omnia
507 686 526 699 et
540 681 615 706 singula
632 682 650 699 in
665 682 693 700 eis
709 687 753 699 con-

78 718 135 732 tenta
149 720 160 731 a
175 714 247 732 cunctis
263 712 381 732 observanda
400 717 458 731 curet⁴
481 712 548 731 Eidem
563 718 609 730 vero
628 712 753 736 praecipimus

79 749 102 763 ut
117 744 234 769 singulorum
253 749 338 763 actorum
353 744 371 762 in
392 744 520 768 praesentium
541 743 662 768 evulgatione
677 747 697 762 et
710 749 753 762 exe-

78 776 159 794 cutione
179 775 277 800 exemplar
293 776 422 794 authenticum
444 775 493 793 intra
514 781 547 793 sex
570 781 645 793 menses
662 775 686 793 ad
705 775 752 793 hanc

80 807 213 832 Apostolicam
228 807 298 825 §edem
313 807 433 827 transmittat.
449 806 531 830 illudque
546 807 564 824 in
579 806 656 824 archivo
673 807 691 824 5.
704 806 753 824 Con-

78 838 201 864 gregationis
215 838 239 857 de
255 838 381 863 Propaganda
396 838 442 856 Fide
457 844 492 862 pro
507 837 595 862 Negotiis
609 837 713 855 Orientalis
723 837 754 855 Ri-

80 875 112 888 tus
127 870 222 888 adservari
238 870 355 888 mandamus.
377 869 419 888 Non
435 869 554 887 obstantibus
571 869 699 887 Decessorum
714 868 753 886 No-

79 906 164 920 strorum
184 901 349 920 constitutionibus
366 905 385 919 et
404 900 564 921 ordinationibus,
584 900 642 918 etiam
658 900 677 918 in
696 906 754 924 gene-

80 933 153 951 ralibus
170 937 189 951 et
206 932 353 957 provincialibus
370 932 459 950 Conciliis
474 932 538 952 editiS.
554 936 573 950 et
591 937 753 955 quarumcumque

79 964 211 985 ecclesiarum,
226 964 284 982 etiam
299 963 459 984 Patriarchalium,
478 969 511 981 seu
526 963 620 981 Ordinum
635 967 654 981 et
668 962 753 987 Congre-

79 996 189 1021 gationum,
207 996 313 1014 iuramento
327 1000 346 1014 et
360 995 504 1014 confirmatione
519 994 631 1018 Apostolica
643 994 672 1012 vel
687 994 754 1018 quavis

79 1027 119 1046 alia
134 1027 222 1045 firmitate
241 1026 343 1047 roboratis,
360 1026 435 1045 statutis
449 1031 468 1044 et
484 1025 660 1046 consuetudinibus,
675 1025 754 1049 aliisque

79 1058 209 1083 quibuslibet,
224 1058 281 1076 etiam
301 1062 353 1076 motu
373 1058 460 1082 proprio,
478 1058 496 1075 in
511 1056 627 1075 contrarium
643 1056 755 1080 praemisso-

80 1096 124 1108 rum
140 1089 241 1110 concessis,
252 1089 295 1107 licet
307 1095 398 1113 expressa
413 1089 509 1107 mentione
524 1088 598 1112 dignis;
614 1088 682 1112 quibus
696 1088 755 1105 ornni-

81 1121 130 1141 bus,
145 1121 223 1145 perinde
241 1127 263 1138 ac
278 1120 292 1138 si
307 1120 331 1138 de
345 1120 404 1138 verbo
423 1120 446 1138 ad
462 1119 540 1137 verbum
555 1119 583 1137 his
598 1118 664 1137 litteris
685 1118 755 1136 inserta

80 1157 155 1173 essent,
170 1152 194 1170 ad
208 1152 356 1176 praemissorum
370 1151 457 1169 effectum
472 1150 579 1175 specialiter
590 1153 609 1168 et
618 1155 709 1173 expresse
723 1149 755 1167 de-
