921 1304
183 52 203 68 4⁸
395 51 420 65 Ex
430 51 445 65 s,
455 51 575 70 Congregatiune
584 50 646 65 aunam

184 103 266 122 thedrali
276 107 295 122 et
304 110 369 122 earum
379 104 469 128 expensis
479 103 595 122 occurrendi.
611 103 661 122 Hinc
671 104 753 122 maxime
766 103 855 128 congruit

185 139 206 153 ut
220 135 267 153 haee
285 135 331 153 flant
350 135 374 153 de
392 134 513 159 beneplacito
531 134 620 159 Capituli.
640 135 752 159 praesertim
771 134 787 153 si
806 134 854 153 ratio

184 166 282 188 habeatur?
294 166 432 191 procurationis
441 166 535 191 gestionis
545 167 638 185 bonorum
649 166 755 185 sodalitatis
762 166 787 185 ad
796 172 854 190 quam

183 198 263 222 expedit
276 202 297 216 ut
311 197 420 222 Capitulum
437 198 527 223 designet
543 204 644 222 personam
663 204 673 216 e
693 204 728 217 suo
746 198 821 223 gremio
835 201 855 216 et

184 229 241 253 plena
255 235 289 247 sua
303 229 372 247 fiducia
386 229 485 247 fruentem.

225 260 283 279 Aliud
298 258 432 285 arg'umentum
447 260 465 279 in
480 260 509 279 sui
523 260 606 279 favorem
621 260 729 285 Capitulum
742 260 820 279 deducit
829 266 854 279 ex

185 291 241 313 sacto,
255 291 307 315 quod
322 298 372 310 anno
390 297 438 314 190²
453 296 520 310 coetus
532 292 694 310 administrativus
703 292 802 311 Romanae
812 297 854 316 pro-

184 323 258 342 vinciae
272 323 330 348 vulgo
347 323 421 342 Giunta
431 323 550 347 provinciale
563 323 727 342 avr-ministrativa
736 323 815 342 adnisus
824 327 854 342 est

183 354 290 373 sodalitatis
305 355 440 379 patrimonium
454 355 556 373 adnectere
570 354 626 373 locali
638 355 784 379 congregationi
795 355 854 373 chari-

184 386 229 404 tatis
243 390 262 404 et
276 386 337 404 cultus
351 392 430 410 scopum
445 387 464 404 in
479 386 617 405 beneficentiae
626 392 675 410 opus
688 386 788 404 invertere.
804 385 853 404 Huic

184 417 302 441 usurpationi
310 417 379 436 restitit
386 417 465 436 actualis
475 417 581 436 sodalitatis
590 417 738 438 administrator,
746 417 779 441 qui
788 421 852 435 tamen

184 448 209 466 ad
223 448 329 466 huiusmodi
345 448 443 473 negotium
463 448 617 473 pertractandum
636 448 716 472 expetiit
733 452 753 466 et
771 447 854 466 obtinuit

183 479 278 498 licentiam
293 485 304 498 a
319 479 414 504 Capitulo,
433 486 444 497 a
462 485 500 504 quo
519 479 640 498 sodalitas-a
653 479 714 498 ssmo
727 479 853 498 Sacramento

185 511 261 535 pendet,
277 511 303 529 uti
318 510 397 529 traditur
414 511 432 529 in
451 515 494 529 actu
514 511 610 535 capitulari
630 511 666 529 diei
685 517 707 533 ¹4
722 511 777 529 Febr.
796 515 852 533 1902.

185 542 237 560 Dato
251 548 262 560 a
277 542 366 566 Capitulo
380 548 466 563 assensu,
481 542 532 561 bona
546 541 652 561 sodalitatis
666 547 718 560 sarta
732 546 782 560 tecta
802 548 853 559 man-

184 577 251 592 serunt
264 574 289 591 ab
303 573 431 597 usurpatione.
447 573 523 592 Exinde
537 574 604 592 iterum
619 574 638 592 in
658 573 758 598 propatulo
777 573 854 596 ponitur

186 604 268 629 Capituli
283 604 321 625 ius;
338 610 380 622 nam
396 605 515 629 recognitum
534 605 567 623 fuit
586 605 604 623 in
623 604 711 629 Capitulo
730 604 758 622 ius
774 604 853 623 dominii

185 635 203 654 in
218 636 274 654 bonis
289 635 380 654 sodalitii:
396 642 453 660 porro
468 642 528 660 penes
541 642 598 660 quem
613 640 642 654 est
656 636 685 654 ius
699 635 784 657 dominii.
801 639 853 654 natu-

184 667 248 685 raliter
262 667 291 685 ius
305 673 381 691 quoque
395 667 565 686 administrationis
580 671 649 686 manet⁴

226 698 309 716 Demum
324 698 439 722 Capitulum,
454 698 544 722 quoniam
558 704 582 717 ex
597 698 678 717 adverso
693 698 791 717 invocatur
801 704 853 722 prae-

186 729 270 753 scriptio,
285 729 361 753 reponit
374 729 426 753 quod
440 730 487 748 haec
502 730 520 748 in
530 730 614 748 themate
624 730 716 754 prodesse
727 730 797 754 nequit,
808 729 853 754 quia

184 760 249 785 agitur
262 760 286 779 de
301 760 378 784 proprio
393 760 433 779 iure
447 761 572 782 venientibus,
587 761 669 786 ideoque
682 761 709 779 eis
719 761 811 785 prodesse
821 766 853 779 ne-

183 792 226 816 quit
240 791 358 816 negligentia
373 792 402 810 vel
417 792 557 816 acquiescentia
571 799 647 811 suorum
662 797 813 811 antecessorum:
829 798 853 810 eo

186 823 216 841 vel
230 823 292 847 magis
306 823 351 847 quia
365 823 454 848 opposita
469 824 592 848 praescriptio
607 830 644 842 non
654 828 684 842 est
693 823 851 848 quadragenaria,

183 854 246 878 qualis
253 854 354 878 requiritur
361 854 384 872 ad
395 854 435 873 iura
441 854 538 873 Ecclesiae
545 854 696 879 praescribenda.
705 855 739 873 sed
746 854 851 873 tricenaria.

226 886 327 904 Praeterea
341 885 360 904 in
375 886 414 904 iure
433 886 588 904 animadvertitur
606 886 657 910 quod
677 885 766 910 Episcopi
782 885 852 903 nedum

187 916 251 936 valent
265 921 336 935 statuta
350 917 472 935 sodalitatum
488 917 581 936 moderari
595 921 615 935 et
629 917 725 942 corrigere
738 917 791 935 iuxta
810 916 853 935 Cle·

187 948 255 966 mentis
267 948 310 966 VIII
325 948 486 967 Constitutionem
498 949 626 973 Quaecumque
640 952 660 967 et
673 948 736 973 plures
746 948 853 967 decisiones

187 980 242 998 huius
256 979 275 998 S.
287 979 315 1000 C„
331 986 380 1004 quae
394 979 453 998 videri
463 984 542 1004 possent
551 980 570 998 in
581 979 685 999 Liburnm,
696 990 708 993 -
717 980 796 998 larium
808 980 853 998 Con-

178 1010 315 1035 fratcmitatis
328 1011 365 1029 diei
382 1016 391 1034 7
407 1011 459 1035 Sept.
478 1011 533 1034 1895,
547 1011 580 1030 sed
591 1011 648 1030 etiam
658 1017 755 1030 removere
765 1017 789 1030 ex
799 1011 853 1030 iustis

186 1042 248 1061 causis
263 1042 352 1061 officiales
366 1042 437 1061 electos
447 1042 471 1061 ab
481 1042 527 1066 ipsis
537 1042 667 1061 confratribus.
683 1042 726 1061 Hoc
735 1046 852 1067 postremum

186 1077 239 1098 patet
253 1080 277 1092 ex
291 1073 406 1092 resolutione
422 1074 439 1092 in
455 1073 555 1092 Asmlana
571 1073 609 1092 diei
626 1080 650 1096 24
665 1074 728 1092 Martii
745 1079 801 1097 1725,
820 1074 853 1092 ubi

185 1104 210 1123 ad
224 1105 309 1126 dubium,
323 1111 349 1123 an
363 1105 418 1123 hbeat
431 1105 480 1123 Rmo
495 1104 584 1128 Episcopo
598 1111 688 1123 remum
699 1104 784 1129 officiales
793 1107 810 1123 ct
819 1105 854 1122 mi-

185 1136 256 1154 nistros
269 1142 281 1153 a
294 1135 421 1159 confratribus
434 1135 496 1154 electos
509 1138 600 1159 quatenus
613 1142 651 1154 non
664 1136 703 1154 sint
712 1135 800 1154 idoneae
806 1142 854 1160 gra-
