921 1304
384 54 442 68 Soram:
727 59 735 73 7
739 59 744 68 ι

75 106 98 125 S.
113 107 212 126 Michaelis
226 112 246 126 et
259 108 284 126 ab
298 107 464 133 archipresbytero
478 108 496 127 S.
512 108 591 129 Mariae,
606 109 632 127 ita
646 112 709 127 tamen
727 112 748 127 ut

74 138 140 162 prima
153 138 194 157 vice
209 138 255 157 fiant
269 139 293 157 ab
307 139 473 163 archipresbytero
488 139 507 159 S.
522 139 604 160 Mariae;
621 141 644 157 2⁰.
661 139 748 164 Antipul-

74 169 128 188 satio
142 176 277 194 campanarum
291 170 310 188 in
325 170 410 189 Sabbato
425 170 496 189 Sancto
511 177 587 195 semper
596 175 670 195 spectet
682 171 706 189 ad
716 171 748 189 ab-

77 201 142 219 batem
153 201 172 219 S.
183 201 287 222 Michaelis,
298 206 341 223 etc.;
357 204 382 225 3⁴².
394 201 450 220 Clero
460 202 558 226 utriusque
569 202 682 227 collegiatae
692 202 747 220 simul

73 232 209 253 conveniente.
224 232 338 251 thurificatio
353 233 402 251 inter
416 233 516 251 missarum
531 233 623 252 solemnia
638 233 690 252 iuxta
704 232 747 252 soli-

73 267 118 281 tum
133 263 157 282 sit
171 263 263 285 facienda.
278 270 348 288 nempe
362 264 471 288 incipiendo
485 265 537 288 prius
551 265 576 283 ab
590 265 659 283 abbate
672 269 692 283 et
702 265 745 283 dein

73 294 102 312 ab
116 294 287 319 archipresbytero,
302 299 321 314 et
335 295 419 314 finiendo
432 295 457 313 ad
472 296 575 314 canonicos
589 296 607 314 S.
619 295 717 315 Michaelis
727 300 746 315 et

73 325 97 345 S.
112 326 195 348 Mariae;
210 327 255 345 item
270 331 355 346 servetur
369 327 445 345 solitum
458 327 522 351 quoad
536 328 589 352 pacis
602 328 744 349 exhibitionem,

74 357 166 376 nimirum
181 358 261 382 primum
276 358 347 377 Abbati
361 362 381 376 et
394 358 436 377 eius
449 359 551 380 canonicis.
567 359 636 378 deinde
653 359 746 384 archipr&

73 388 156 412 sbytero
169 389 248 413 eiusque
262 389 368 410 canonicis;
387 389 412 412 4⁰.
429 390 562 408 Processiones
576 390 705 415 Rogatianum
721 390 746 408 ita

75 424 194 444 peragantur
208 424 228 438 ut
242 426 307 439 earum
322 421 383 445 prima
397 421 475 445 incipiat
488 421 512 439 ab
522 421 604 440 ecelesia
617 422 636 439 5.
647 421 746 440 Michaelis

71 455 97 469 et
111 451 163 469 finiat
178 451 196 469 in
210 451 290 470 ecclesia
300 451 318 470 S.
329 452 412 473 Mariae;
427 452 487 470 altera
501 453 525 470 ab
535 452 616 471 ecclesia
625 459 659 477 per
668 452 746 477 Episco-

73 488 123 506 pum
137 482 257 507 designanda
271 487 290 501 et
304 483 379 501 desinat
393 483 412 501 in
428 483 509 502 ecclesia
527 483 546 503 S.
561 483 670 505 Michaelis;
690 484 746 502 tertia

72 513 154 532 demum
165 513 210 532 item
219 514 243 532 ab
253 514 333 532 ecclesia
343 520 377 538 per
386 514 474 533 eumdem
483 514 605 537 ordinarium
615 515 717 534 statuenda
726 519 751 533 et·

72 544 187 563 absolvatur
201 545 219 562 in
234 544 314 563 ecelesia
328 545 347 563 5.
363 545 462 566 Andreae;
478 549 514 564 etc.

118 575 145 594 At
159 576 267 595 huiusmodi
281 576 384 595 concordia
398 577 472 595 nonnisi
487 583 544 601 aegre
559 583 570 595 a
585 577 670 601 pastibus
682 577 745 596 obser-

73 611 121 625 vata
135 607 169 626 suit
183 614 244 632 usque
257 608 281 626 ad
296 614 366 626 annum
384 613 443 631 1792:
459 614 498 632 quo
512 608 666 633 archipresbyter
675 608 694 627 S.
705 609 745 627 Ma·

73 639 117 657 riae
131 645 227 658 recursum
242 639 310 657 obtulit
324 639 374 664 Regi
388 639 469 661 Siciliae,
480 640 511 664 qui
526 639 595 658 eodem
609 646 666 661 anno,
678 644 745 658 contra

74 670 185 689 Pontificias
199 670 340 694 dispositiones.
356 671 461 695 suppressit
480 677 557 689 omnem
576 671 709 690 matrieitatem
725 676 745 690 et

74 702 230 726 praecedentiam
244 702 293 720 inter
311 702 359 720 duas
378 702 469 722 ecclesias
487 702 637 724 contendentes,
659 707 745 721 statuens

74 738 140 751 tamen
156 737 175 752 ut
189 733 312 757 antipulsatio
326 740 461 758 campanarum
472 733 490 751 in
501 734 585 752 Sabbata
595 734 666 753 Sancto
676 734 694 752 in
704 740 745 758 per—

75 768 155 788 petuum
168 764 273 789 pertineret
286 764 310 782 ad
325 764 426 783 ecclesiam
440 765 459 783 S.
475 764 580 786 Michaelis,
595 769 614 783 et
624 765 669 784 unio
678 766 744 784 utrius·

72 802 113 820 que
127 796 171 814 cleri
186 796 263 814 cederet
277 796 301 814 ad
315 795 416 814 ecelesiam
431 796 449 814 S.
466 796 544 815 Mariae.
560 796 591 814 Ad
606 796 700 815 tramitem
713 797 744 815 hu-

73 827 105 846 ius
120 827 168 851 regii
182 827 253 845 decreti
267 833 318 845 anno
336 833 384 851 1794
399 827 535 846 concordatum
550 828 616 846 initum
631 828 665 846 fuit
678 834 689 846 a
699 828 744 847 dua-

74 858 111 876 bus
125 858 210 877 ecclesiis
224 858 274 877 circa
288 858 456 883 antipulsationem
470 861 604 882 campanarum
622 858 641 877 in
659 859 744 878 Sabbato

72 890 147 908 Sancto
161 894 181 908 et
194 890 244 908 circa
258 890 347 908 unionem
366 890 463 914 utriusque
482 889 526 908 cleri
545 890 563 908 in
581 889 708 909 functionibus
722 890 744 908 ri-

72 921 168 942 tualibus,
183 926 202 939 et
216 927 266 939 anno
280 921 387 945 insequenti
402 921 482 939 accessit
496 925 515 939 et
529 921 583 946 regia
597 921 716 945 approbatio.

116 952 193 971 Interim
207 958 259 970 anno
276 957 325 975 1904
339 952 409 970 accidit
423 956 444 970 ut
457 952 517 971 abbas
532 952 550 970 S.
566 951 664 970 Michaelis
679 958 745 971 renue-

73 984 98 1002 rit
114 983 242 1002 obedientiam
257 987 354 1007 praestare
369 984 472 1008 Episcopo,
487 990 510 1002 eo
524 983 576 1008 quod
586 983 698 1002 alternativa
707 990 745 1002 ser-

73 1016 161 1034 vabatur.
177 1015 232 1033 Hanc
246 1015 270 1033 ad
280 1015 405 1033 dirimendam
416 1015 564 1033 controversiam
574 1015 654 1034 actualis
667 1015 746 1039 Episcm

73 1053 116 1071 pus¹
136 1046 210 1064 innixus
228 1046 355 1065 conventione
374 1046 417 1064 anni
436 1052 485 1069 1794
504 1052 515 1064 a
534 1047 619 1071 partibus
635 1046 681 1064 inita
700 1050 719 1064 et
733 1052 745 1064 a.

73 1078 130 1102 Rege
149 1077 223 1095 Siciliae
242 1077 363 1098 confirmata,
383 1077 460 1095 decreto
475 1077 512 1095 diei
527 1084 539 1100 4
554 1078 596 1096 Oct.
616 1083 663 1101 1905
679 1078 745 1096 statuit

76 1116 87 1126 ‹
96 1108 211 1126 servandam
225 1114 268 1126 esse
282 1108 414 1127 alter-nativam
429 1108 447 1126 in
463 1109 549 1127 vocando
563 1113 643 1133 utroque
660 1108 745 1133 parocho

72 1140 93 1158 S.
110 1139 210 1158 Michaelis
224 1144 244 1158 et
257 1140 276 1158 S.
293 1140 364 1158 Mariae
378 1139 402 1158 ad
417 1139 551 1164 praestandam
566 1140 695 1158 obedientiam
709 1146 744 1164 pro
