921 1304
184 46 201 60 38
415 46 440 60 Ex
451 46 534 60 Snremria
545 46 616 60 Brevium

183 100 249 120 stituta.
262 100 347 124 pluribus
365 100 473 119 nominibus
492 101 563 124 optime
577 100 601 119 de
615 106 635 118 re
650 106 704 119 saera
721 100 797 121 merita,
812 100 856 118 iure

184 131 289 155 meritoque
303 131 443 150 accensendum
456 135 486 150 est
501 131 609 156 Collegium
624 131 758 150 Americanum
773 131 854 150 Lovanii

183 163 202 181 in
211 162 278 188 Belgio
288 169 338 181 anno
352 163 400 186 1857
410 167 500 184 erectum,
511 163 535 181 ad
546 163 602 181 finem
612 162 719 187 excipiendi
730 169 740 181 e
750 163 806 181 variis
816 162 856 180 Eu-

183 200 242 219 ropae
258 194 366 213 nationibus
375 194 459 215 iuvenes,
474 194 553 218 illosque
567 194 594 212 ita
608 193 713 215 erudiendi,
726 198 746 212 ut
756 193 799 212 inde
810 193 855 212 novi

184 225 208 244 ad
223 225 341 244 Foederatos
355 225 456 244 Americae
475 225 632 249 Septentrionalis
646 225 716 246 Status,
732 225 790 243 divini
801 224 856 243 verbi

185 262 290 281 praecones
311 256 390 275 solvant.
412 256 521 281 Collegium
538 257 589 275 enim
604 255 648 274 illud
668 256 750 274 maxima
764 256 816 274 brevi
830 255 856 274 sa-

185 292 242 306 vente
256 288 300 306 Deo
314 288 430 306 incrementa
443 288 514 306 habuit.
530 287 555 306 Et
565 293 611 306 sane
620 288 645 306 ab
659 287 727 306 eodem
742 287 784 312 plus
797 293 855 311 quarn

184 319 285 344 quingenti
299 318 410 343 prodierunt
424 319 546 340 missionarii,
561 319 593 343 qui
608 318 706 344 religionis
721 318 855 343 provehendae

185 350 248 369 studio
262 350 370 375 flagrantes,
382 356 443 374 neque
458 350 554 368 laboribus
563 350 621 371 fracti,
633 356 695 374 neque
705 350 789 368 adversis
798 350 856 368 rebus

185 381 291 406 defatigati,
301 381 335 400 sed
350 381 375 399 ad
389 381 492 405 pretiosam
502 387 561 406 usque
572 381 590 399 in
603 385 706 406 conspectu
722 381 799 399 Domini
814 387 857 399 san—

185 412 249 437 guinis
263 412 373 431 efl'usionem
388 419 423 436 pro
437 412 508 431 Christi
523 413 559 431 fide
574 413 640 437 parati,
656 413 762 431 uberrimos
781 412 800 430 in
815 412 857 430 Do·-

187 444 256 462 rninico
271 450 318 468 agro
339 443 445 462 excolendo
466 444 536 462 fructus
550 448 682 468 perceperunt.
704 444 725 462 In
746 450 812 462 omnes
826 443 856 462 vel

186 475 245 500 longo
260 479 350 493 terrarum
366 475 428 499 spatio
442 475 519 493 dissitas
534 475 683 493 Foederatorum
697 475 785 493 statuum
797 474 858 493 Ame-

186 506 236 525 rieae
250 506 407 530 septentrionalis
421 506 516 531 regiones,
531 506 590 525 exivit
603 512 662 525 sonus
676 512 748 527 eorum,
764 510 857 530 auctaque

186 537 264 556 feliciter
278 538 296 555 in
310 537 349 556 illis
362 538 447 562 partibus
469 537 539 556 Christi
556 543 586 558 re,
605 537 765 556 missionariorum
784 543 858 555 eorum-

186 569 230 587 dem
245 569 318 587 actuosi
332 568 373 590 zeli,
388 575 410 587 ac
424 575 529 593 germanae
540 568 589 589 fidei,
601 574 636 587 nec
650 575 688 587 non
703 568 795 587 immutati
811 574 858 592 erga

187 600 295 619 Romanam
316 600 432 619 Cathedram
453 600 540 624 obsequii
560 600 646 618 miranda
665 600 735 618 ibidem
749 599 858 618 testimonia

187 635 296 656 suppetunt.
315 631 370 650 Nunc
384 636 448 650 autern
463 638 505 650 eum
520 631 555 650 hoc
569 637 621 650 anno
635 631 794 656 quinquagesimo
815 637 858 649 sese

185 667 248 681 vertat
262 669 273 681 a
289 663 385 687 primaeva
405 662 486 687 Collegii
508 663 566 687 ipsius
587 663 695 684 erectione.
715 662 777 687 placet
797 662 858 681 Nobis

187 694 237 712 votis
250 700 334 712 annuere
348 694 445 712 Antistitis
459 694 642 718 Convingtoniensis
656 693 750 712 Praesidis
766 693 859 712 Commis-

188 725 247 744 sionis
261 725 400 749 Episeoporum
415 725 573 743 Americanorum
595 725 693 744 memorati
713 723 795 749 Collegii
810 724 860 748 regi-

189 756 234 775 mini
249 756 374 781 praepositae,
390 760 447 780 atque
461 756 613 781 auspicatissima
626 756 694 775 eadem
707 756 807 774 occasione
817 762 859 780 pro-

187 794 260 813 pensae
270 788 352 806 Nostrae
362 788 464 807 voluntatis
474 794 541 807 sensus
551 788 664 813 significare.
680 787 756 806 Etenim
766 788 801 806 hac
814 791 859 805 tern-

188 823 275 844 pestate,
295 825 332 843 qua
346 823 374 837 tot
388 823 479 843 tantaque
498 819 548 838 mala
566 819 618 838 videt
636 819 727 844 lugetque
746 819 860 837 christianus

189 851 246 871 orbis,
257 854 333 875 gratum
343 850 404 869 Nobis
413 854 448 872 est,
459 851 567 869 exantlatos
582 857 615 875 pro
625 856 670 869 vera
682 850 719 869 fide
734 850 859 875 propaganda

189 881 264 900 labores
285 881 391 902 celebrare.
410 886 431 900 ut
444 881 475 899 alii
490 881 514 900 ad
529 881 652 900 imitationem
666 881 784 902 excitentur,
802 885 859 905 atque

189 912 269 938 egregia
283 912 444 931 missionariorum
459 912 543 931 facinora
556 913 645 931 studeant
661 911 758 933 aemulari,
774 918 797 930 ne
813 912 859 936 quid

189 944 302 963 catholicum
318 950 386 962 nomen
403 944 511 962 detrimenti
530 944 602 968 capiat,
623 944 656 962 sed
675 944 758 962 disiectis
777 943 858 962 hostium

191 975 319 994 molitionibus
327 990 331 996 ,
352 982 402 994 novo
422 975 493 994 Christi
514 975 649 1000 Redemptoris
670 975 737 999 religio
758 974 859 999 splendore

190 1007 281 1025 renideat.
294 1006 360 1031 Itaque
375 1007 472 1025 hortamur
482 1007 541 1031 ipsius
548 1006 629 1031 Collegii
639 1006 728 1025 doctores
737 1009 757 1024 et
765 1005 858 1026 alumnos,

191 1042 211 1056 ut
225 1042 276 1056 stent
294 1039 312 1057 in
331 1038 368 1057 fide
387 1042 500 1060 constantes,
519 1044 615 1063 nunquam
632 1044 643 1056 a
658 1038 756 1062 proposito
773 1037 809 1055 sihi
823 1036 859 1055 fine

191 1069 297 1090 deflectant.
313 1070 347 1088 sed
362 1070 453 1088 maiorum
469 1070 554 1094 vestigiis
570 1069 690 1090 insistentes.
707 1069 757 1087 omni
772 1074 809 1092 ope
823 1072 860 1086 stu-

191 1101 254 1122 deant,
266 1105 286 1120 ut
296 1102 397 1120 Amerieae
407 1101 565 1126 Septentrionalis
579 1101 669 1125 regiones
680 1099 797 1124 evangelicis
809 1105 860 1124 prae-

191 1133 271 1151 conibus
286 1133 388 1151 abundent.
405 1133 507 1157 Propterea
521 1138 621 1157 precamur
633 1132 726 1150 bonorum
736 1130 820 1149 omnium
830 1137 860 1149 au-
