921 1304
319 73 384 88 Limera:
395 73 486 92 Apostolicae
729 73 736 87 5

67 127 146 152 proprio
160 134 182 146 ea
196 128 282 149 retineat,
297 134 332 152 pro
347 134 427 152 quorum
444 128 568 152 acquisitione
588 128 653 146 fideles
670 128 737 152 quovis

67 159 126 177 modo
140 159 225 178 subsidia
239 158 362 180 contulerint;
385 159 439 177 simul
454 163 518 177 autem
540 165 618 184 operam
637 159 702 180 dabit.
718 163 738 177 ut

67 191 120 210 iuxta
135 191 188 216 leges
202 191 242 209 sive
255 191 386 212 dioecesanas,
402 191 442 209 sive
456 191 559 209 constituta
573 190 592 208 in
612 190 636 208 111
652 190 737 208 Plenario

67 222 155 242 Concilio
170 222 307 243 Baltimorensi,
323 228 346 240 ea
360 223 411 241 bona
425 222 454 240 vel
469 222 609 246 quamprimum
626 221 738 240 transferan-

66 258 97 273 tur
112 254 147 272 sub
162 254 238 272 nomine
253 253 349 272 Ordinarii
363 253 405 274 loci,
421 253 450 272 vel
466 253 503 272 alio
517 258 558 272 tuto
572 259 594 272 ac
609 253 665 278 legali
681 253 738 271 modo

66 286 90 304 ab
105 285 174 304 eodem
196 285 298 303 Ordinatio
317 285 442 309 approbando
463 285 541 303 firmiter
559 284 654 309 adscripta
668 284 706 302 sint
719 288 738 302 et

67 320 158 335 maneant
171 316 235 335 favore
250 316 350 334 missionis.

107 347 149 366 Art.
165 347 188 366 V.
204 348 282 366 Peracta
297 347 410 368 visitatione,
425 348 532 372 Episcopus
545 347 621 366 rutheni
640 348 686 366 ritus
700 353 739 366 cer·

65 379 135 397 tiorem
156 378 212 397 faciet
226 379 251 397 de
264 383 314 397 statu
330 379 395 397 morali
410 383 429 397 et
443 379 468 397 de
482 379 606 397 oeconomica
620 379 739 397 administra-

66 410 119 429 tione
134 410 228 429 missionis
242 410 329 429 visitatae
344 410 466 429 Ordinarium
481 410 522 431 loci.
538 411 570 435 qui
584 414 690 435 opportune
707 409 738 428 dev

66 445 133 460 cernet
147 447 195 466 quae
210 442 234 460 ad
249 442 319 460 bonum
339 441 435 460 missionis
452 441 470 459 in
486 441 570 460 Domino
588 441 679 466 expedire
696 447 739 459 cen-

65 473 130 491 suerit.

108 504 150 523 Art.
165 504 196 522 V1.
212 504 364 525 Controversiae,
381 504 396 522 si
410 511 459 528 quae
473 504 584 523 exoriantur
598 504 646 522 inter
661 504 739 528 Episco-

65 542 112 560 pum
123 535 197 554 rutheni
212 535 259 554 ritus
276 539 296 554 et
310 536 417 560 Episcopus
436 536 570 556 dioecesanos,
586 535 703 556 deserantur,
719 535 738 553 in

65 566 177 585 devolutivo
191 570 275 587 tantum,
291 567 315 585 ad
330 567 446 591 Delegaturn
466 566 599 591 Apostolicum
613 567 738 591 Washingto-

66 598 159 619 mensem,
175 597 232 619 salva.
248 598 293 616 item
308 598 326 616 in
341 598 455 619 devolutivo,
471 598 598 623 appellatione
617 598 641 616 ad
656 598 738 622 Aposto-

64 629 123 647 licam
138 629 212 647 Sedem.
520 628 521 633 ¹

108 661 149 678 Art.
165 660 205 679 VII¹
224 660 291 679 Donec
311 661 366 679 aliter
380 661 403 680 ab
418 661 531 685 Apostolica
548 661 598 679 Sede
618 661 737 682 decernatur,

64 691 162 710 ordinaria
176 691 278 710 residentia
293 692 384 716 Episcopi
399 692 446 710 ritus
460 692 534 711 rutheni
553 693 589 710 erit
603 692 622 710 in
638 693 683 710 urbe
698 692 739 710 Phi·

65 722 167 747 ladelphia.

107 754 149 772 Art.
164 754 213 773 VIII.
229 754 261 773 Ad
276 755 428 773 constituendam
439 761 520 773 annuam
534 755 602 779 stipem
617 761 652 779 pro
666 759 738 773 susten—

64 785 139 804 tatione
157 785 248 810 Episcopi
266 786 312 804 ritus
333 786 407 804 rutheni
429 792 541 805 concurrere
562 786 633 804 debent
651 786 738 810 singulae

64 816 159 835 ruthenae
173 817 324 838 communitates,
341 818 402 836 eidem
418 817 509 836 solvendo
526 823 608 836 annuam
628 818 739 841 praestatio-

65 854 110 866 nem
125 848 184 866 instar
198 848 326 869 cathedratici,
342 848 394 867 iuxta
409 849 483 873 praxim
497 853 516 867 et
531 854 607 867 normas
621 849 709 873 vigentes
719 849 737 866 in

64 879 186 897 dioecesibus
201 879 304 897 Civitatum
314 879 469 901 Foederatarum,
481 880 498 898 in
513 880 581 904 quibus
596 880 696 898 missiones
710 886 739 898 ru-

64 910 135 928 thenae
150 910 283 929 constabilitae
297 911 424 930 inveniuntur.

106 941 148 960 Art.
164 942 197 960 IX.
213 942 321 967 Episcopus
331 942 405 961 rutheni
421 943 467 961 ritus
481 942 537 960 tertio
551 948 627 966 quoque
639 948 689 960 anno
700 942 738 966 pie-

65 980 109 992 nam
126 978 146 992 et
160 978 267 992 accuratam
282 973 394 992 relationem
408 974 432 992 de
447 978 497 992 statu
512 974 618 998 personali,
635 974 700 992 morali
715 980 737 992 ac

65 1005 159 1024 matetiali
170 1005 280 1024 missionum
296 1006 367 1030 proprii
382 1006 429 1024 ritus
442 1006 532 1024 exhibeat
547 1005 642 1030 Delegatu
655 1005 738 1029 Aposto-

64 1036 101 1055 lico
116 1036 300 1061 Washingtoniensi,
316 1037 348 1061 qui
363 1043 405 1055 eam
420 1037 535 1055 transmittet
553 1037 576 1055 ad
594 1037 671 1055 Sacram
688 1036 738 1054 Con-

65 1068 201 1092 gregationem
215 1068 240 1086 de
255 1068 382 1093 Propaganda
396 1068 442 1087 Fide
457 1075 492 1092 pro
507 1068 595 1092 Negotiis
606 1068 660 1086 Ritus
670 1068 739 1086 Orien-

67 1099 114 1117 talis.
