921 1304
181 71 189 82 2
192 71 200 81 2
477 69 549 83 Allocutio

181 128 251 146 saepe,
266 122 293 140 sic
308 128 345 140 non
362 122 388 140 ita
408 122 481 146 pridem
495 122 524 141 vel
543 123 591 141 inter
612 127 707 142 nostrates
726 124 794 142 vestris
812 124 851 142 fer'e

182 153 243 172 oculis
256 153 366 178 usurpastis.

222 184 260 203 Sed
274 184 303 203 his
317 184 368 203 aliud
382 185 440 203 modo
454 185 529 203 additur
543 185 613 204 malum
630 185 685 210 plane
706 186 850 211 gravissimum:

182 216 282 235 sollicitum
292 216 388 240 quoddam
396 216 479 235 studium
489 216 526 235 late
533 217 673 236 increbrescens
684 224 774 236 novarum
781 224 851 239 rerum,

182 247 293 272 disciplinae
308 247 369 266 omnis
378 254 400 266 ac
411 248 511 272 potestatis
525 248 634 272 impatiens;
650 249 701 273 quod
712 248 809 267 Ecclesiae
819 249 853 267 do-

182 279 253 297 ctrinas
267 279 365 303 ipsamque
380 279 429 298 adeo
443 279 545 298 revelatam
560 286 571 298 a
585 280 628 298 Deo
642 280 741 299 veritatem
751 280 851 305 impetens,

182 310 247 329 nititur
261 310 373 335 religionem
388 311 526 330 sanctissimam
536 311 684 330 asundamentis
695 311 807 330 convellere.
822 312 853 330 Eo

184 342 272 360 nimirum
286 342 379 360 ducuntur
393 342 473 367 (utinam
484 343 571 366 pauciore
586 342 682 366 numerol)
697 343 728 367 qui
738 343 784 364 eius,
795 349 852 367 quam

183 372 242 398 vulgo
256 372 354 391 seientiam
369 377 389 391 et
398 373 474 391 criticen
485 377 504 391 et
514 374 668 398 progressionem
683 378 702 392 et
716 373 853 392 humanitatem

183 404 275 425 dictitant,
291 404 426 422 audacissimas
440 404 540 428 opiniones
560 411 619 423 coeco
633 405 671 423 fere
690 405 762 429 impetu
783 404 854 429 ample-

184 439 265 453 ctuntur.
281 435 305 453 Hi
319 435 402 459 quidem.
418 439 535 459 spretatum
551 436 631 454 Romani
646 436 742 455 Pontificis
756 440 795 454 tum
810 436 855 460 Epi-

184 473 285 491 scoporum
299 467 417 488 auctoritate,
434 467 560 486 methodicarn
570 467 663 486 invehunt
671 467 809 486 dubitationem
821 467 854 485 im-

184 498 287 523 piissimam
301 498 351 516 circa
366 498 407 522 ipsa
421 498 464 516 fidei
479 498 614 519 fundamenta:
636 505 666 520 ac,
687 499 798 523 praesertim
812 499 827 517 si
842 505 854 517 e

185 528 236 547 clero
254 533 307 550 sunt,
322 529 426 548 catholicae
443 529 553 554 theologiae
574 530 636 548 studia
652 530 756 554 aspernati.
772 529 856 554 philoso-

185 561 255 585 phiam,
263 560 393 585 socinlogiam.
401 560 525 579 litteraturam
535 567 546 579 e
555 562 655 579 venenatis
664 561 746 580 sontibus
756 561 853 582 hauriunt;

184 595 225 610 tum
235 598 280 610 vero
290 592 426 610 conscientiam
440 592 535 616 quandam
548 592 614 611 laicam
629 592 733 611 catholicae
745 593 855 617 oppositam

185 623 242 647 pleno
252 629 285 641 ore
294 628 416 647 concrepant;
432 623 505 648 sibique
518 624 546 642 ius
556 623 611 642 simul
625 624 746 648 officiumque
760 624 856 648 adrogant

186 654 321 673 catholicorum
335 655 462 673 conscientias
476 655 583 679 corrigendi
594 661 616 673 ac
626 655 746 674 reformandi.

226 685 340 710 Lugendum
360 685 416 710 plane
437 686 485 704 foret
502 686 517 704 si
532 686 619 704 homines
639 686 741 708 eiusmodi,
757 686 856 705 Ecclesiae

185 717 260 742 gremio
274 717 345 738 relicto,
360 717 385 735 ad
399 721 476 741 apertos
490 717 556 735 hostes
570 717 705 736 convolarent:
720 724 786 736 verum
798 717 857 742 longe

187 748 248 773 magis
269 748 371 766 dolendum
392 752 421 766 est
437 749 490 772 quod
508 754 532 767 eo
546 749 658 767 devenerint
678 749 785 770 caecitatis,
800 752 821 767 ut
835 755 856 767 se

186 780 248 798 adhuc
262 779 358 798 Ecclesiae
373 779 420 797 filios
437 783 526 804 reputent
539 784 559 798 et
572 780 655 800 iactent,
673 780 745 798 eierato
762 774 855 803 quamvis,

186 811 240 830 {actis
254 811 289 830 etsi
304 811 352 829 forte
367 817 404 829 non
418 811 493 832 verbis,
513 811 556 829 fidei
571 815 701 831 sacramento.
716 811 768 835 quod
790 811 808 829 in
825 811 857 829 ba-

188 843 276 867 ptismate
293 842 400 860 edixerunt.
419 842 450 860 Sic
469 848 534 866 porro.
552 842 612 861 fallaci
631 842 713 867 quadam
731 842 789 860 a'nimi
807 846 857 860 tran-

187 873 279 898 quillitate
298 873 358 894 ducti,
374 873 476 891 christiana
493 873 550 892 etiarn
569 880 622 892 sacra
638 873 763 898 frequentant,
778 873 858 892 sanctis-

188 905 237 924 simo
251 905 322 923 Christi
336 905 422 928 Corpore
437 905 550 925 reficiuntur,
564 905 608 929 quin
619 909 639 923 et
648 905 672 923 ad
682 899 741 923 affare
752 905 794 926 Dei,
805 904 858 929 quod

188 936 244 961 plane
258 936 378 960 horrendum.
398 936 519 955 sacrificaturi
539 936 644 955 accedunt:
663 936 711 954 inter
725 936 772 954 haec
787 940 857 957 tamen.

188 974 237 992 quae
252 967 368 992 praedicant,
383 973 432 992 quae
446 967 526 992 agitant,
541 974 590 992 quae
607 967 711 992 pertinacia
728 973 802 985 summa
816 973 859 991 pro-

190 999 265 1018 fitentur
282 999 324 1017 illos
337 1005 348 1017 a
363 999 400 1017 fide
418 999 510 1017 excidisse
526 999 667 1019 demonstrant,
682 998 765 1022 dumque
779 1004 800 1016 se
815 998 859 1016 navi

189 1030 232 1049 duci
247 1035 351 1051 autumant,
366 1030 420 1049 foede
435 1030 553 1055 naufragium
569 1030 641 1048 fecisse.

230 1062 357 1080 Decessorum
373 1061 485 1080 Nostrorum
500 1061 597 1085 exemplo,
613 1061 645 1085 qui
659 1061 757 1086 vigilantia
775 1061 859 1079 maxima

189 1093 381 1117 constantissimeque
395 1097 472 1117 pectore
488 1099 553 1111 sanam
567 1092 673 1111 doctrinam
689 1092 744 1110 tutati
759 1096 808 1113 sunt,
823 1092 860 1110 sol⁴

190 1124 234 1143 liciti
249 1130 273 1143 ne
287 1125 332 1148 quid
347 1125 363 1143 ei
378 1125 425 1142 labis
444 1128 588 1148 aspergeretur.
603 1124 644 1142 Nos
660 1130 744 1148 quoque,
760 1123 859 1147 apostolici
