921 1304
316 54 342 68 Er
352 54 436 68 εει-νεανία
447 54 496 68 Status
710 54 738 68 205

112 108 182 132 Quoad
196 114 242 127 vero
256 108 366 127 eorumdem
381 114 460 127 onerum
475 108 631 133 redemptionem,
646 108 741 127 condona-

71 140 145 159 tionem
158 139 188 158 vel
203 139 339 161 reductionem.
355 144 449 164 quatenus
463 146 512 164 opus
525 140 586 162 fuerit¹
601 140 698 165 provisum
712 144 741 158 est

71 177 91 189 m
105 171 192 195 sequenti
207 177 224 189 n.
243 177 272 194 17.

113 208 131 226 4.
147 203 251 227 Benignior
264 209 308 221 esse
322 207 387 227 potest
400 203 514 227 compositio
528 203 543 221 si
558 203 638 228 pretium
653 203 740 224 solutum,

72 234 120 252 citra
137 234 211 258 cuipam
226 234 322 258 emptoris,
341 238 418 258 superet
436 235 556 258 praesentem
574 234 658 253 valorem
674 234 742 253 fundo—

72 271 124 286 rum;
144 269 164 283 et
183 271 218 289 pro
237 265 351 288 haeredibus
368 271 441 286 eorum,
456 265 489 289 qui
507 265 558 284 bona
576 265 705 284 ecclesiastica
722 268 742 283 ut

73 303 131 321 supra
144 296 213 315 iniuste
228 296 359 321 possederunt.
371 296 404 315 sed
419 296 548 315 alias'causas
562 296 603 321 pias
617 296 743 315 fundaverunt

73 332 106 347 aut
120 328 213 347 iuvarunt.

115 364 132 382 5.
148 359 266 380 Ordinarius,
282 359 359 383 quando
372 359 437 384 agitur
450 358 475 377 de
489 359 551 377 fundis
565 359 584 377 in
598 356 743 383 quibusaliqua

73 390 109 408 sita
118 394 149 408 est
158 390 245 411 ecclesia,
255 390 286 409 vel
296 390 359 415 agitur
369 390 393 408 de
402 390 460 408 rebus
470 390 529 408 sacris
541 390 646 410 mobilibus.
658 394 744 409 oratores

74 425 163 440 oretenus
182 425 259 440 moneat
273 421 297 440 de
311 419 429 446 obligatione
448 427 486 445 qua
504 425 593 439 tenentur
607 420 693 442 faciendi,
709 421 755 439 sub'

73 453 178 471 directione
193 452 288 471 Ordinarii
303 458 338 477 pro
352 456 444 477 tempore,
459 452 511 476 quod
529 456 620 477 poterunt
634 458 668 476 pro
682 458 743 470 saera-

74 490 114 502 rurn
129 484 205 502 aedium
220 488 240 502 et
253 483 366 508 templorum
377 484 527 505 conservatione,
542 488 562 502 et
576 490 606 502 res
620 489 684 502 sacras
699 490 744 502 nun-

74 521 131 539 quarn
141 515 160 533 in
175 521 219 533 usus
233 515 323 539 profanos
332 514 455 533 convertendi
470 521 503 533 seu
518 514 628 539 deputandi.
644 515 701 539 idque
710 515 744 533 de-

75 546 118 564 bitis
133 545 194 564 modis
209 545 317 564 notificandi
332 546 370 564 suis
385 545 498 564 haeredibus
508 550 528 564 et
542 546 690 565 successoribus.

114 578 132 595 6.
144 577 238 595 Pecuniae
247 583 294 595 vero
303 583 388 595 summas
400 583 423 595 ex
434 576 572 601 compositione
582 580 676 601 acceptas,
686 576 744 594 etiam

75 612 147 629 tenues,
162 608 204 632 ipse
218 607 331 626 Ordinarius
341 608 482 632 quamprimum
496 612 515 626 et
529 614 586 632 quam
598 608 692 626 tutissime
702 614 745 632 pos—

75 640 104 661 sit,
119 639 184 658 favore
198 645 297 658 causarum
315 639 388 664 piarum
406 639 431 658 ad
445 645 493 663 quas
510 639 534 658 de
549 639 589 658 iure
607 639 707 663 pertinent,
725 639 744 657 in

74 670 140 689 titulos
153 670 223 689 liberos
234 671 309 694 (vultur
317 677 342 688 au
349 672 435 694 portcur)
451 676 499 695 quos
508 670 542 688 viri
552 674 683 695 competentes
693 674 745 689 tutos

76 702 195 727 agnoverint,
211 701 302 720 investire
316 705 336 720 et
349 701 374 720 ad
384 706 450 720 nutum
464 702 483 720 S.
499 701 555 720 Sedis
569 707 681 720 conservare
696 705 745 719 sata-

76 737 120 758 gat;
136 739 197 757 neque
207 733 278 751 alienet
287 733 328 751 sine
342 733 428 751 eiusdem
437 733 499 754 venia,
510 739 572 757 neque
586 736 695 754 commutet,
709 732 744 750 nisi

76 769 144 789 urgeat
165 765 268 783 necessitas
288 768 308 783 et
326 769 402 789 tempus
421 770 460 783 non
481 768 570 789 suppetat
591 764 699 783 recurrendi
719 764 744 782 ad

76 796 95 814 S.
112 796 186 814 Sedent
387 811 389 814 .

117 827 174 851 Quod
189 827 205 845 si
219 826 339 851 supradictae
350 832 435 845 summae
445 827 553 851 pertineant
566 826 591 845 ad
601 832 678 845 eausam
693 826 743 850 piam

77 858 154 876 alterius
171 858 274 879 dioecesis.
294 857 451 876 transmittendae
470 861 526 876 erunt
543 857 567 876 ad
586 857 671 875 eiusdem
690 857 746 876 Ordi-

78 890 155 908 nan‘unt

118 921 137 939 Si
147 920 227 939 eaedem
237 920 345 944 pertineant
359 920 382 938 ad
395 920 478 938 Ordines
492 919 522 938 vel
537 919 704 944 Congregationes
718 926 746 938 re-

78 951 161 976 ligiosas,
172 951 272 976 requiritur
282 955 303 970 ut
312 951 339 970 eis
350 951 398 970 tradi
413 951 493 976 possint,
503 951 559 970 venia
573 951 594 969 S.
608 951 663 970 Sedis
677 951 697 969 in
707 951 745 969 sin-

78 982 128 1007 gulis
141 983 222 1002 casibus.

118 1014 176 1037 Quod
191 1014 206 1032 si
221 1020 306 1032 summae
321 1017 430 1038 speemrent
444 1013 468 1032 ad
483 1019 559 1032 causam
569 1014 619 1038 piam
634 1013 671 1032 iam
686 1013 746 1032 extin-

78 1048 134 1067 ctam,
144 1044 175 1063 vel
184 1045 208 1063 ad
218 1045 319 1063 ecclesiam
328 1045 347 1063 in
362 1051 400 1069 qua
410 1045 475 1063 divina
484 1045 546 1063 officia
560 1044 642 1069 amplius
655 1044 747 1063 celebrari

80 1081 117 1094 non
130 1076 211 1097 valeant,
222 1076 336 1094 Ordinarius
348 1076 431 1100 ipsarum
445 1076 516 1094 fructus
530 1075 628 1100 impendat
642 1075 660 1093 in
675 1075 747 1094 honum

79 1106 155 1126 alterius
169 1113 238 1126 causae
252 1107 302 1132 piae,
317 1107 429 1131 praesertim
444 1107 572 1127 ecclesiarum,
590 1106 747 1131 presbyterorum

79 1141 101 1156 et
112 1138 221 1157 clericorum
231 1144 342 1163 pauperum,
358 1142 415 1163 prout
425 1137 491 1156 melius
505 1137 523 1156 in
534 1137 619 1156 Domino
629 1137 746 1158 iudicaverit,
