921 1304
165 44 193 58 170
299 39 324 54 εν
335 39 350 54 S.
359 40 375 54 a
387 40 514 59 lndutgenriarum
526 43 540 54 ει
550 40 577 54 ss.
585 40 686 59 ffliqufmm

162 97 274 114 Aswcintio
286 97 416 114 nacon-dotans
427 97 560 118 reparationis
575 97 722 114 commendatur
736 97 757 114 et
772 97 833 114 indul-

206 124 278 145 gentiis
289 123 368 141 ditatur.

268 173 379 192 Beatissime
393 174 457 194 Pater,

201 218 262 237 Maria
276 218 377 237 Eduardus
390 219 445 240 Mott,
456 219 557 243 presbyter
566 225 576 237 e
587 219 738 244 congregatione
753 219 834 238 Missio-

162 249 196 271 nis.
211 249 236 268 ad
250 249 310 274 pedes
324 249 343 268 S.
358 250 381 268 V.
397 249 515 274 provolutus.
530 249 624 269 humiliter
638 250 727 274 exponit:

202 280 223 299 In
237 280 321 305 pluribus
335 281 456 300 dioecesibus
470 285 534 300 erecta
548 282 640 306 reperitur
655 282 687 306 pia.
698 281 792 306 quaedam
802 288 835 300 so-

161 311 234 333 dalitas,
244 312 274 330 cui
284 311 350 330 titulus
359 312 466 331 Assm'atio
475 312 595 331 samrdotalis
607 313 740 337 raparationis,
751 313 834 337 eiusque

162 342 205 361 finis
219 346 238 361 et
252 347 323 361 statuta
336 349 359 362 ea
374 347 423 365 sunt,
438 349 488 368 quae
503 348 616 368 sequuntur:

202 374 248 392 Art.
264 379 279 392 1.
295 374 404 393 Associatio
418 374 542 393 sacerdotalis
555 375 681 399 reparationis
695 378 716 393 ut
730 375 787 393 finem
805 375 837 393 in—

144 428 146 431 !
162 405 232 423 tendit:
251 407 269 423 1⁰
283 405 360 424 Christo
374 405 459 424 Domino
473 406 552 430 dignam
566 406 705 430 reparationem
719 406 785 425 offerre
795 406 836 425 illis

162 442 197 460 pro
207 437 295 460 peccatis,
306 443 355 461 quae
364 437 516 456 amantissimum
525 443 558 456 cor
568 438 609 456 eius
618 437 713 456 crudelius
723 437 834 460 offen-:luam

164 469 183 485 2⁰
197 468 341 486 conversionem
360 474 432 489 eorum.
453 468 485 493 qui
503 468 550 487 tanti
570 469 622 487 nefas
639 475 660 487 se
677 475 720 487 reos
734 468 835 491 efficit-nu

163 500 183 522 3⁰
196 498 276 520 illorum.
296 499 328 524 qui
346 499 365 518 in
384 500 436 518 bono
453 501 583 524 perseverant,
603 500 685 518 maxime
704 500 835 521 sacerdotum,

162 530 331 549 sanctificationem
346 531 408 555 magis
421 537 443 549 ac
458 531 520 556 magis
535 531 553 549 in
567 531 609 550 dies
623 535 746 550 crescentem.

202 562 249 580 Art.
264 567 282 582 2.
297 562 351 581 Talis
364 562 479 584 Associatio,
494 562 620 581 essentialiter
630 562 758 584 sacerdotalis,
771 569 836 581 sacer-

162 592 239 611 dotibus
253 594 365 617 praesertim
379 597 459 612 constat.
475 594 566 612 Attamen
577 594 704 612 directoribus
713 593 836 612 dioecesanis

163 624 242 643 facultas
255 624 305 643 saeta
319 629 349 643 est
362 624 409 644 alias
423 625 480 643 etiam
495 631 587 649 personas
601 625 703 649 aliquando
718 629 737 644 et
749 631 783 649 per
792 631 836 643 mo—

162 655 207 674 dum
222 656 342 681 exceptionis
356 656 474 677 admittendi.
489 656 593 675 dummodo
607 656 672 681 aliquo
684 660 729 675 voto
739 656 783 675 Deo
793 656 834 675 iam

163 687 231 706 suerint
245 688 337 706 addictae.

202 719 250 738 Art.
263 725 283 743 j.
303 719 453 743 Reparationem
471 725 529 743 quam
549 719 646 737 intendere
665 719 743 738 debent.
763 718 834 743 triplici

163 750 221 769 modo
235 750 312 769 sodales
330 750 421 775 perficere
441 754 529 775 possunt:
553 753 570 769 1⁰
584 750 676 772 affective,
696 750 835 774 compatiendo

163 781 234 800 scilicet
247 786 289 800 toto
303 782 361 800 animi
376 782 442 800 affectu
457 782 518 801 dolori
533 782 601 801 Cordis
616 782 663 803 lesu,
674 781 727 800 euius
736 781 835 800 horrenda

163 813 208 831 talia
218 817 262 831 sunt
271 819 334 834 causa,
345 813 400 837 eique
410 813 560 832 consolationem
571 814 662 838 praebere
672 812 761 833 nitendu;
777 814 796 830 2⁰
806 812 834 831 ef-

163 844 236 865 fective,
252 844 270 862 id
284 848 319 865 est,
335 844 441 863 effectivum
461 844 538 863 Christo
555 850 640 863 amorem
656 843 788 868 impertiendo,
807 849 833 862 ac

163 875 243 900 proinde
257 882 281 894 eo
295 875 368 894 fidelius
382 875 400 894 ei
414 876 520 897 serviendo.
538 882 576 900 quo
590 875 667 900 gravius
681 875 712 893 alii
727 875 752 893 ab
765 881 789 893 eo
803 880 835 893 re-

163 907 243 928 cedunt;
264 909 284 930 3⁰
298 907 391 928 afflictive,
411 913 453 926 seu,
464 907 586 930 afflictionem
597 906 696 931 Lcorpnris.
706 905 834 930 aut„spiritus

162 938 243 956 libenter
257 938 374 959 sustinendo,
394 938 423 956 vel
442 938 477 956 sibi
495 937 601 957 voluntarie
620 937 742 962 imponendo,
757 941 777 955 ut
795 943 834 961 pro

163 973 192 987 tot
205 975 227 987 ac
242 969 300 987 tantis
314 969 406 993 improbis
419 969 496 994 gaudiis
513 969 629 988 conveniens
647 969 680 987 fiat
694 968 833 993 compensatio.

203 1001 250 1019 Art.
265 1006 283 1025 4.
299 1000 389 1022 Virtutes,
405 1001 474 1025 quibus
487 1000 565 1025 spiritus
581 1000 682 1025 peculiaris
700 1000 754 1018 huius
773 1000 835 1018 socie—

163 1032 207 1050 tatis
221 1031 329 1055 specialiter
342 1035 423 1053 constat.
443 1036 496 1050 sunt:
521 1033 538 1050 1⁰
553 1037 623 1056 magna
641 1031 704 1050 cordis
718 1031 833 1053 mundities;

165 1065 185 1081 2⁰
194 1062 288 1087 profunda
297 1062 403 1084 humilitas;
414 1065 434 1086 3⁰
444 1069 497 1081 amor
505 1063 576 1081 Christi
586 1067 645 1084 tener,
654 1062 706 1081 sortis
715 1066 735 1081 et
744 1062 834 1081 invictus.

203 1095 250 1113 Art.
263 1100 283 1119 5.
299 1094 407 1117 Associatio
421 1101 435 1113 a
446 1094 572 1113 directoribus
589 1094 713 1115 dioecesanis.
733 1094 765 1119 qui
779 1100 790 1112 a
803 1100 836 1112 re-

164 1126 253 1150 spectivis
261 1126 367 1145 Ordinariis
377 1126 498 1145 nominantur
508 1126 526 1144 in
536 1126 616 1151 singulis
625 1125 751 1147 dioecesibus,
760 1125 836 1150 regitur
