921 1304
328 43 393 58 Romana
404 46 418 57 ιι
428 43 491 57 altarum
718 43 744 58 ¹05

74 97 161 122 incipian
169 97 279 116 Arbitratur
285 97 336 116 enim
345 97 387 122 ipse
396 97 569 122 promulgationem
583 104 592 115 ι
600 97 680 122 integre,
688 101 745 121 prout

75 128 104 147 rei
119 128 234 153 gravitatem
248 128 309 149 decet,
325 128 364 147 fieri
379 135 417 147 non
431 134 489 153 posse
503 129 552 147 intra
571 128 653 152 spatium
671 128 744 152 aliquot

76 160 177 180 mensium.
192 159 264 178 scilicet
278 164 322 179 ante
336 159 404 178 festum
418 160 502 178 Paschae
514 160 596 184 proximi
605 160 655 181 anni,
666 166 704 184 qua
713 159 744 178 die

75 190 175 209 decretum
188 191 227 209 vim
241 190 289 215 legis
304 190 370 215 incipit
383 190 458 209 habere.
475 191 518 209 Non
530 191 581 209 enim
591 191 667 209 obstant
676 191 745 209 solum·

76 221 136 241 modo
150 222 251 241 distantiae
265 228 347 247 magnae
361 222 517 241 christianitatum
533 228 544 241 a
556 222 664 241 residentiis
673 222 745 241 missio-

76 253 173 272 nariorum
180 257 244 278 ‘atque
258 253 378 272 difficultates
388 254 586 275 communicationum,
597 253 630 272 sed
640 257 660 272 et
669 253 745 277 insuper

76 285 186 310 ignorantia
200 285 346 309 neophytorum,
361 285 393 309 qui
407 289 460 303 certo
474 285 544 303 certius
558 291 592 309 per
608 284 659 303 solas
673 283 743 303 Vinarii

76 315 184 340 Apostolici
199 315 271 334 litteras
285 322 361 334 sensum
372 320 428 340 atque
438 316 553 341 gravitatem
563 322 624 335 novae
634 315 744 340 disciplinae

76 353 146 372 capere
160 353 197 366 non
212 347 306 368 valebunt.
323 348 357 366 nisi
372 348 453 372 ipsemet
468 347 597 366 missionarius
611 351 701 366 oretenus
715 353 745 365 co-

75 384 117 397 ram
132 378 160 397 eis
174 378 214 397 fuse
228 383 248 397 et
262 378 312 397 clare
331 383 391 397 totam
409 379 541 403 quaestionem
560 382 650 402 exponat-
672 378 730 396 Porro
739 392 743 399 ,

75 409 122 428 data
136 409 256 429 sacerdotum
275 410 364 434 penuria,
387 410 500 429 missionarii
519 409 577 428 nostri
596 409 745 428 christianitates

75 447 144 459 omnes
158 441 210 460 adire
225 447 263 460 non
278 446 368 466 poterunt
382 445 426 460 ante
441 441 509 460 festum
524 441 607 459 Paschae
617 448 635 459 »r

117 473 165 491 Item
180 472 266 491 Vicarius
281 473 404 497 Apostolicus
419 472 551 491 Hondurensis
571 472 699 493 Britannicae,
719 472 744 490 ob

75 503 170 528 speciales
184 510 230 523 suae
244 504 341 523 Missionis
355 504 479 526 conditiones,
494 504 542 528 petit
556 504 718 528 dispensationem
733 509 745 521 a

74 535 190 559 quibusdam
204 535 276 554 decreti
290 536 475 560 praescriptionibus.
498 535 578 553 Videtur
597 535 660 559 potius
674 539 693 553 et
708 534 743 558 ipsi

75 566 200 585 concedenda
214 567 276 591 aliqua
290 567 401 591 prorogatio
415 572 450 591 pro
460 566 531 585 decreti
542 566 665 591 obligatione.
676 571 744 590 usque-

72 598 121 617 dum
135 604 166 617 res
179 598 283 616 examinari
297 598 363 622 possit.

117 629 200 648 Demum
215 629 301 648 vicarius
315 629 439 654 Apostolicus
453 629 565 648 Maekensie
579 629 597 647 in
615 628 694 647 Canada
712 634 744 647 ex-

74 661 131 685 ponit
144 668 153 679 «
163 661 219 685 quod.
235 662 259 679 ob
274 661 367 685 speciales
380 661 429 679 illius
444 661 528 685 regionis
537 660 663 681 difficultates,
677 660 701 679 ad
712 666 743 678 no-

74 692 137 711 titiam
151 692 236 711 omnium
250 696 270 710 et
283 692 401 717 singulorum
417 692 578 711 missionariorum
593 698 657 710 curam
673 691 744 709 anima-

73 730 117 742 rum
132 724 248 743 habentium.
264 728 316 742 certo
330 724 399 742 certius
410 730 447 742 non
457 724 521 742 veniet
530 723 628 742 decretum
638 723 668 741 Ne
677 726 743 741 tmere

72 755 100 773 de
114 755 234 779 sponsalibus
249 759 267 773 et
282 756 408 776 matrimonio.
424 759 532 779 opportuno
547 755 618 773 scilicet
627 759 713 778 tempore
723 758 744 772 ut

72 793 125 811 quae
139 786 158 804 in
172 792 196 805 eo
210 786 303 810 disposita
317 790 360 804 sunt
373 787 411 804 vim
427 786 475 811 legis
489 786 559 805 habere
579 786 670 810 incipiant
687 792 698 804 a
712 785 743 803 die

72 817 155 836 solemni
170 817 254 835 Paschae
268 817 324 836 huius
337 818 382 836 anni
399 818 457 841 190&
474 817 530 841 idque
544 817 665 841 quantumvis
681 817 743 835 dictus

73 848 163 867 vicarius
176 848 301 873 Apostolieus
315 849 386 873 absque
401 849 430 867 vel
446 849 524 867 minima
539 855 591 867 mora
604 849 629 867 ad
643 854 710 867 omnes
724 851 743 866 et

72 880 162 905 singulos
176 881 238 905 ipsum
252 880 350 898 decretum
366 881 445 901 miserit,
465 881 535 899 additis
550 880 662 905 opportunis
677 880 743 898 instru-

72 911 174 930 ctionibus.
198 911 320 936 Quapropter
340 912 396 930 enixe
418 911 466 936 petit
484 916 548 930 orator
562 917 592 933 ut,
610 912 659 930 intra
674 911 743 930 limites

72 943 121 961 dieti
135 943 247 963 vicariatus.
262 949 322 967 usque
335 943 358 961 ad
369 943 437 961 festum
448 943 539 961 Omnium
549 943 661 961 Sanctorum
672 947 743 967 protra—

72 975 131 993 hatur
145 973 237 992 terminus
252 978 272 992 ut
286 978 411 992 memoratum
430 974 528 992 decretum
547 979 609 992 sumat
627 974 713 999 vigorem
724 982 741 992 ι.

117 1006 133 1024 Ε
153 1009 220 1024 contra
240 1005 403 1029 Archiepiscopus
424 1005 541 1024 Ottaviensis
562 1006 580 1024 in
599 1006 678 1024 Canada
696 1005 743 1030 petit

74 1042 139 1056 utrum
154 1037 172 1055 in
187 1041 284 1061 posterum
299 1036 418 1055 matrimonia
433 1037 491 1055 mixta
506 1037 524 1055 in
544 1037 645 1061 provinciis
664 1036 742 1055 Canada

72 1068 163 1088 habenda
177 1068 215 1086 sint
229 1072 325 1092 tamquam
340 1067 402 1086 valida
417 1068 446 1086 vel
461 1068 548 1086 invalida.
565 1068 598 1086 Ait
612 1068 672 1086 enim:
691 1075 700 1085 ‹
711 1068 741 1086 Au

72 1100 159 1121 Canada,
172 1099 248 1124 jusqu'a
263 1100 344 1123 present,
360 1106 433 1118 comme
448 1106 472 1118 en
482 1100 583 1120 Holiande,
594 1106 617 1118 en
628 1099 742 1124 Angleterre

72 1135 95 1150 et
109 1135 172 1149 autres
186 1137 234 1155 pays
247 1134 374 1155 protest-ants,
395 1137 419 1149 on
437 1137 449 1149 a
468 1131 567 1149 considere
581 1137 655 1149 comme
669 1130 743 1149 valides
