921 1304
187 60 216 71 που
429 78 432 81 ¹
488 57 554 76 Epistol·

186 111 255 130 virtute
274 111 375 131 illustriora
393 112 478 137 quotidie
496 115 597 136 proponat.
617 112 689 130 Harum
708 111 855 131 conciliatricem

187 142 294 164 utilitatum,
310 143 374 161 Nostri
389 143 446 162 animi
461 143 537 168 pignus,
552 143 687 167 auspicemque
702 149 800 161 munerum
814 149 856 161 cae-

187 173 269 195 lestium,
283 174 338 192 vobis
351 174 469 199 singulisque
483 180 507 193 ex
518 174 617 199 Hungaria
627 174 704 196 civibus,
720 174 751 198 qui
766 174 855 196 studium,

187 205 269 229 gratiam
283 209 302 223 et
317 205 426 224 adiumenta
435 205 567 224 consociationi
575 208 612 229 pro
626 205 714 223 catholico
723 205 778 229 prelo
791 209 856 224 contu-

188 235 243 254 lerint
257 240 378 260 peramanter
392 237 411 254 in
426 236 511 255 Domino
525 236 648 261 impertimus.

229 266 300 285 Datum
315 267 388 286 Romae
403 267 453 292 apud
473 268 492 286 S.
507 268 589 288 Petrum,
604 267 635 286 die
649 273 661 286 x
675 267 756 286 Ianuarii
774 273 855 288 ucuvm,

188 298 311 317 Pontificatus
325 298 390 317 Nostri
405 305 455 317 anno
470 299 541 323 quinto.

452 344 508 362 PIUS
523 344 558 362 PP.
573 343 592 362 X

449 431 598 451 EPISTOLA

189 471 232 493 Qua
244 472 290 489 Pius
302 472 337 489 1²1².
347 472 366 489 X
378 473 477 493 approbat
488 473 601 493 opusculum
613 472 704 493 Episcopi
715 472 858 489 Limerieiensis

233 499 285 516 circa
297 499 371 520 scripta
382 498 440 515 Card.
453 499 553 516 Newman.

425 549 539 562 VENERAEIU
552 549 621 562 FRATRI

306 580 397 593 smmum
411 580 492 594 THOMAE
507 580 595 594 Erlscm’o
614 581 742 594 LIMERICIENSI

698 612 804 625 ungiacum

453 650 509 669 PIUS
523 650 557 669 PP.
573 650 591 669 X

214 686 330 705 Venerabilis
339 687 415 707 Frater,
429 686 508 704 salutm
522 688 539 704 et
552 686 680 711 Apostoli-'cam
694 686 840 705 bmdicn'onaem.

230 734 293 752 Tuum
303 734 348 753 illud
358 733 475 759 opusculum.
486 734 505 752 in
519 740 557 758 quo
567 735 637 758 scripta
647 734 753 753 Cardinalis
765 734 858 753 Newman

190 769 264 784 tantum
275 765 343 784 abesse
353 765 439 784 ostendis
448 769 469 783 ut
478 765 585 789 Encyelicis
594 765 670 784 Nostris
680 765 756 784 Litteris
766 765 860 784 Pascendi

190 796 228 815 sint
237 796 364 818 dissentanea,
375 800 395 814 ut
408 796 465 815 valde
474 802 516 815 cum
531 796 598 815 iisdem
608 800 720 821 congruant,
736 796 860 815 vehementer

190 828 251 846 Nobis
265 828 341 852 probari
356 828 411 846 scito:
428 827 494 846 melius
512 828 564 846 enim
578 834 621 846 cum
637 827 711 846 veritati
726 828 803 849 servire,
819 832 859 846 tum

191 859 272 878 hominis
286 859 375 884 dignitati
394 865 432 877 non
450 863 533 883 poteras.
551 859 643 883 Apparet,
659 859 708 877 inter
724 865 762 879 eos,
778 864 859 883 quorum

190 896 265 909 errores
279 896 313 914 per
327 896 360 908 eas
370 890 452 908 Litteras
466 889 603 911 damnavimus,
615 890 668 914 quasi
682 889 778 914 quoddam
791 890 860 908 consti—

191 926 252 940 tutum
262 927 304 940 esse
314 921 389 942 factum,
400 925 421 939 ut
430 927 479 945 quae
494 921 529 945 ipsi
539 921 641 940 commenti
655 921 698 942 sint.
713 921 765 939 hisce
779 927 790 939 e
805 927 859 945 prae—

191 952 288 972 clarissimi
296 953 331 971 viri
342 953 418 971 nomine
426 952 612 971 commendationem
622 956 692 977 petant.
704 952 731 971 lta
741 952 859 971 contendunt

191 984 267 1008 passim.
283 990 304 1003 se
318 990 342 1003 ex
359 984 391 1003 illo
405 984 457 1003 sonte
472 988 492 1002 et
505 984 567 1009 capite
584 984 686 1008 praecipua
700 984 794 1009 quaedam
811 990 859 1002 sum-

192 1016 258 1040 psisse.
273 1016 298 1034 ob
312 1022 393 1040 eamque
407 1021 485 1034 causam
499 1021 536 1034 non
551 1015 636 1039 potuisse
651 1021 662 1033 a
677 1015 737 1034 Nobis
751 1021 795 1033 suas
809 1015 860 1040 ipso—

190 1052 231 1065 rum
246 1047 349 1071 improbari
358 1046 459 1068 doctrinas,
470 1047 514 1071 quin
530 1046 584 1065 simul
594 1050 652 1071 atque
666 1046 715 1065 adeo
725 1046 777 1071 prius
791 1046 860 1071 impro-

191 1078 275 1097 barimus
289 1084 338 1102 quae
353 1077 395 1096 talis
405 1081 506 1102 tantusque
515 1081 581 1096 auctor
590 1077 692 1097 docuisset.
708 1077 771 1101 Quod.
783 1078 818 1096 nisi
830 1084 860 1097 co-

190 1109 265 1134 gnitum
280 1109 309 1130 sit.
325 1108 368 1127 elati
382 1109 440 1127 animi
455 1112 518 1127 tumor
532 1113 623 1133 quantum
638 1108 662 1127 ad
676 1108 794 1127 obruendam
809 1114 859 1127 men-

192 1144 231 1158 tem
240 1140 308 1162 valeat,
320 1139 429 1159 incredibile
438 1140 525 1158 videatur
534 1140 620 1161 inveniri.
631 1140 663 1164 qui
673 1145 716 1158 sese
725 1143 794 1164 putent
803 1144 859 1164 atque
