921 1304
173 59 193 71 44
345 55 370 69 Ex
381 55 396 69 s.
405 55 421 69 c,
432 55 538 74 espiscoporum
550 57 564 69 ει
575 55 672 74 Regutarfum

174 121 212 150 EX
230 121 253 150 S.
266 121 366 150 CONGR.
382 121 582 150 EPISCOPORUM
598 121 637 150 ET
654 121 844 151 REGULARIUM

442 165 573 178 ‘35—

220 202 316 220 ludunum
328 207 363 223 pro
375 203 522 223 pernoctatione
534 203 630 220 minorum
641 203 693 219 {ntra
704 203 795 220 claustra⁴

254 247 367 266 Beatissimo
381 247 450 268 Padre,

214 292 227 311 n
242 292 302 311 Padre
317 292 434 311 Provinciale
448 291 491 310 dell'
499 292 572 311 Ordine
591 292 621 310 dei
641 292 755 311 Predicatori
774 299 785 311 e
799 293 844 311 Pre-

173 324 220 343 [etto
234 323 348 348 Apostolico
363 323 512 348 nen‘Equatore,
523 323 633 342 umilrnente
647 328 742 348 prostrato
756 323 774 342 al
788 324 844 342 banio

172 355 203 374 del
218 361 271 374 sacro
286 355 347 379 piede,
363 355 443 380 implora
460 355 510 373 dalla
531 355 605 373 Santita
619 355 689 373 Vostra
707 361 745 374 una
759 356 844 380 benigna

173 386 269 405 conferma
282 386 313 405 del
333 386 420 405 rescritto
439 386 457 404 in
472 386 517 404 data
532 391 555 409 27
571 386 648 411 Agosto
667 392 724 409 ¹900.
740 386 769 405 col
787 386 843 411 quale

172 418 240 436 veniva
254 424 347 436 concessa
360 424 371 436 a
385 417 513 441 quinquennio
522 417 541 435 la
550 417 618 436 facolth
633 423 667 442 per
680 417 783 436 iconventi
793 417 844 436 della

173 455 208 468 sua
222 449 319 474 provincia
333 449 352 467 di
367 452 461 467 accettare
483 448 591 467 inservienti
613 452 663 467 sotto
679 448 685 466 i
698 449 750 467 venti
766 449 817 470 anni,
832 455 843 467 e

172 480 200 499 far
214 484 323 505 pernottare
343 480 396 498 intra
414 480 497 498 claustra
511 480 516 498 i
531 480 589 501 servi,
604 480 639 498 che
653 486 811 504 accompagnano
824 479 843 499 le

172 518 254 536 persone
268 511 345 530 addette
359 510 394 530 alle
409 511 450 530 loro
461 517 586 536 >campagum
601 511 637 529 che
652 517 688 529 non
707 511 843 536 raggiungono

173 543 178 561 i
192 543 243 561 venti
258 543 302 561 anni
316 548 327 560 e
342 542 377 561 che
392 548 429 561 non
444 548 529 566 possono
543 542 648 567 alloggiare
663 542 740 561 altrove.

213 574 271 593 Sacra
285 574 417 598 Congregatio
431 580 489 598 super
503 573 608 597 Disciplina
618 573 714 598 Regulari,
725 574 803 592 attentis
817 573 843 592 in-

172 605 284 624 formatione
304 609 324 624 et
337 609 383 623 voto
405 605 465 623 Patris
487 605 616 623 Procuratoris
636 605 736 624 Generalis
757 605 841 626 Ordinis,

172 636 265 655 indultum
279 636 316 655 diei
333 641 356 660 27
367 636 450 661 Augusti
466 642 515 659 ¹900
529 636 613 661 benigne
627 636 738 661 prorogavit
752 636 776 655 ad
791 635 842 655 aliud

172 668 330 692 quinquennium,
346 668 424 686 servatis
443 671 526 686 ceterum
546 667 631 686 eiusdem
650 668 709 687 forma
728 674 750 686 ae
769 672 842 687 tenore.

172 699 277 717 Contrariis
291 699 441 723 quibuscumque
457 705 494 717 non
509 699 633 718 obstantibus.

213 730 292 751 Romae.
310 730 333 748 28
349 729 389 748 iulii
407 735 464 753 1905.

337 770 361 788 D.
377 770 434 788 Card.
450 770 546 791 Fanum-A,
561 770 673 794 Praefectus.

565 802 597 820 Ph.
613 801 702 822 Giustini,
718 801 841 820 Secretam'us.

359 894 466 913 ORDINIS
481 895 499 914 S.
513 894 654 913 BENEDICTI

172 943 234 960 Datur
245 943 330 960 facultas
341 943 473 960 transferendi
484 943 591 960 monachos
599 942 619 959 S.
628 943 725 959 Benedicti
737 943 761 959 de
769 947 808 959 una
816 943 841 960 nd

216 970 277 987 alium
289 970 466 991 congregationem.

253 1011 364 1029 Beatissime
378 1011 442 1031 Pater,

213 1050 353 1068 Hildebrandus
367 1050 391 1068 de
405 1050 527 1074 Hemptinne,
542 1050 609 1068 Abbas
624 1050 696 1068 Primas
710 1049 734 1068 O.
743 1050 762 1068 S.
774 1050 801 1071 B..
816 1050 840 1068 ad

172 1080 232 1105 pedes
245 1081 263 1099 S.
276 1081 298 1099 V.
314 1081 425 1105 provolutus
440 1081 543 1099 humillime
558 1081 647 1105 exponit:

212 1111 276 1135 Quum
292 1112 374 1131 instante
389 1112 513 1130 Ascensionis
527 1112 550 1130 D.
563 1112 585 1130 N.
597 1112 610 1130 I.
622 1112 643 1130 C.
659 1112 739 1132 Octava,
749 1111 781 1136 qui
796 1118 840 1130 con-

171 1143 317 1167 gregationibus
331 1143 470 1162 confoederatis
485 1143 509 1162 O.
519 1143 539 1162 S.
550 1143 570 1161 B.
586 1147 677 1167 praesunt
691 1143 787 1164 Abbates,
803 1143 840 1161 Ro-
