921 1304
363 70 435 85 anot-mio
718 74 726 84 2
729 71 736 84 3

69 123 166 147 praecepti
181 129 275 142 memores
296 131 305 141 α
315 124 386 142 bonum
400 124 513 151 depositum
524 124 597 142 custodi
607 131 616 141 »
630 124 661 148 (1)
675 124 739 142 decre-

71 159 110 173 tum
128 154 259 173 Lamentahili
276 161 336 179 nuper
353 154 454 176 edidimus,
475 161 519 174 mox
538 161 584 173 vero
603 155 684 173 Litteras
702 154 739 173 En-

68 186 151 210 cyclieas
166 186 259 204 Pascmdi
270 186 362 204 dominici
370 187 448 211 gregis:
466 191 524 211 atque
543 186 650 211 Episcopus
668 186 740 211 gravis—

69 219 117 237 sime
131 218 311 237 commonefecimus
325 222 351 239 ut,
366 222 441 242 praeter
460 222 524 237 cetera
542 224 553 236 a
572 218 632 236 Nobis
650 217 740 242 praescri-

70 253 106 273 pta,
118 255 173 268 sacra
187 249 298 273 praesertim
313 249 414 271 seminaria
427 249 572 273 diligentissime
586 249 699 270 custodiant,
710 255 740 267 ca-

68 284 137 298 ventes
151 286 174 299 ne
183 280 229 304 quid
239 280 301 304 capiat
312 280 420 299 detrimenti
435 280 527 299 institutio
541 280 696 301 adolescentium,
707 280 739 304 qui

68 311 87 329 in
102 317 157 335 spem
171 311 220 330 sacri
234 311 278 330 cleri
293 312 406 330 educantur:
422 312 480 336 quod,
495 311 614 336 gratulantes
628 311 713 332 dicimus,
727 317 739 330 a

68 342 165 366 plerisque
179 343 267 361 omnibus
281 347 300 361 et
314 343 384 361 volenti
399 343 463 362 animo
477 347 578 367 exceptum
588 347 622 364 est,
633 347 653 361 et
662 346 739 361 strenue

68 373 171 397 perficitur.

111 405 192 424 Paterno
213 409 276 424 tamen
295 406 338 424 huic
357 406 419 424 studio
437 406 464 424 ad
480 406 610 432 cmcfflzssonem
629 405 739 424 animarum

67 437 177 454 muntium
191 442 229 461 quo
244 441 299 461 pacto
313 437 338 455 ab
352 437 399 461 ipsis
413 438 519 456 errantibus
534 443 646 461 responsum
663 437 688 455 sit
701 442 739 455 non

69 467 169 492 ignoratis.
185 467 309 487 Venerabiles
324 468 406 487 Fratres.
420 468 459 487 Alii
474 469 556 493 quidem.
572 468 593 487 in
607 467 704 492 hypocrisi
716 468 740 486 lo-

66 501 144 522 quentes
158 499 281 520 mendacium,
291 499 316 518 ad
327 506 347 518 se
356 506 405 523 quae
415 499 526 518 dicebamus
541 505 578 518 non
593 499 688 523 pertinere
698 505 741 523 pro-

68 529 113 548 fessi
129 533 181 551 sunt.
197 530 269 548 callidis
283 531 400 555 argumentis
417 530 576 549 animadversioni
594 536 615 549 se
633 530 740 548 subducere

67 565 167 579 conantes.
182 561 220 579 Alii
235 567 281 580 vero
295 561 382 580 insolenti
397 562 491 586 superbia,
507 562 600 580 bonorum
615 561 700 580 omnium
714 560 740 579 lu-

68 595 111 613 ctu.
128 592 247 616 apertissime
261 593 376 611 restiterunt.
391 593 461 616 Quare.
477 599 526 617 quae
540 593 657 617 suggerebat
671 592 740 611 caritas

68 623 166 642 incassum
180 623 276 645 adhibitis,
291 624 392 643 canonicas
406 624 482 643 demum
498 625 582 649 irrogare
596 630 674 648 poenas,
690 629 740 642 moe-

69 660 112 673 rore
127 655 184 673 animi
199 655 291 676 maximo,
307 656 367 674 coacti
382 656 456 674 suimus.
479 655 542 674 Deum
561 659 633 676 tamen,
649 654 740 673 luminum

68 691 91 703 ac
107 686 279 705 misericordiarum
290 687 369 708 Patrem,
381 693 449 711 rogare
462 686 601 711 impensissime
616 692 653 704 non
667 685 741 704 desisti-

70 722 113 734 mus
128 720 148 735 ut
164 716 208 735 velit
222 722 306 736 errantes
321 718 339 736 in
353 717 403 736 viam
418 724 507 736 revocare
522 718 609 736 iustitiae.
625 717 710 741 ldipsum
722 720 741 735 et

68 747 111 766 fieri
125 754 137 766 a
150 748 214 769 vobis.
230 748 354 768 venerabiles
369 749 456 770 Fratres,
471 749 594 767 vehementer
608 753 706 773 optamus,
722 748 742 766 il-

69 778 103 797 lud
118 779 195 798 minime
210 780 319 798 dubitantes
329 786 404 799 omnem
419 786 498 804 operam
512 779 616 798 Nobiscum
626 785 660 797 vos
670 779 741 803 impen-

69 817 127 829 suros
141 811 165 829 ad
176 811 224 829 hanc
234 810 283 829 luem
298 817 382 830 errorum
392 818 449 836 quam
464 811 554 830 latissime
569 810 712 835 prohibendam.

112 841 168 860 Nunc
181 846 244 860 autem
259 846 280 861 ut
294 842 379 861 hodierni
394 847 499 861 conventus
513 843 569 861 vestri
580 842 673 860 rationem
687 841 741 859 attin-

68 879 146 897 gamus,
162 873 198 892 hoc
212 874 293 898 primum
308 880 385 892 monere
400 880 434 892 vos
448 874 540 894 volumuS,
556 877 658 897 postquam
670 872 742 891 iteratis

69 903 231 928 postulationibus
244 904 307 923 dilecti
329 905 370 923 Filii
387 905 451 924 Nostri
473 905 547 929 Iosephi
566 904 673 923 Sebastiani
691 904 742 922 Neto

69 935 95 953 de
107 936 223 960 resignando
234 935 382 960 Olysipponensi
397 936 524 961 patriarchatu
534 936 565 954 diu
574 935 742 959 amantissimeque

70 968 181 989 restitimus,
197 967 345 992 resignationem
360 968 419 992 ipsam
434 968 512 986 demum
526 967 566 986 Nos
583 967 687 992 excepisse.
710 966 742 985 Pa-

70 999 173 1018 triarcham
188 1005 268 1020 novum,
283 999 321 1023 qui.
336 999 355 1017 in
369 999 410 1018 eius
425 999 487 1018 locum
501 999 603 1020 succedat,
619 1004 663 1017 mox
678 998 696 1016 in
711 998 743 1016 de·

69 1035 125 1049 creto
139 1035 159 1049 et
172 1030 267 1049 schedulis
281 1030 444 1049 consistorialibus
457 1030 606 1055 designabimus.

114 1062 159 1080 Post
173 1061 226 1082 haec,
237 1062 256 1080 S.
267 1062 289 1080 R.
301 1061 323 1080 E.
335 1061 446 1080 Cardinales
456 1067 520 1080 creare
535 1067 557 1080 ae
572 1061 679 1079 renuntiare
689 1066 743 1085 egre-

70 1092 115 1117 gios
129 1092 181 1111 viros
194 1097 276 1117 quatuor
290 1092 413 1113 decrevimus,
429 1098 477 1117 quos
491 1098 525 1111 sua
540 1098 634 1116 quemque
649 1092 707 1110 virtus
723 1095 743 1109 et

113 1161 135 1178 (ι)
146 1160 184 1175 Tim.
198 1161 219 1175 13Α
