921 1304
189 49 216 63 150
398 49 422 63 Ex
433 49 448 63 s.
458 49 577 69 Congregatiune
586 49 648 64 concini

187 107 225 126 age
239 101 267 119 ius
281 101 364 120 habendi
378 102 513 120 coemeterium
528 102 635 126 aequivalet
648 102 683 120 iuri
699 102 806 126 sepulturae
821 107 856 121 tra-

187 132 268 153 dendae,
284 133 360 157 quando
374 133 443 158 agitur,
459 134 486 151 uti
500 134 519 152 in
534 139 584 154 casu,
600 133 624 152 de
638 133 721 152 ecclesia
735 139 768 152 seu
785 133 857 153 confra-

188 164 277 183 ternitate
292 170 329 182 non
344 164 430 183 subiecta
444 164 551 183 ordinariae
569 165 659 188 potestati
678 165 804 183 dioecesanae
823 165 857 183 sed

188 194 213 213 ad
228 195 286 213 instar
301 195 424 220 Regularium
438 200 534 220 exempta.
554 195 608 214 Tune
625 196 676 214 enim
694 196 722 214 ius
741 196 856 220 sepulturae,

189 231 264 250 praeter
279 226 308 245 ius
322 227 393 248 tumuli,
409 227 509 246 secumfert
523 227 581 251 etiarn
596 227 624 246 ius
638 227 737 245 funerandi
752 227 804 245 iuxta
814 227 858 246 ada-

188 258 242 283 gium
257 258 291 276 ubi
302 258 394 278 tumulus,
410 257 514 281 ibisunus.

230 289 297 313 Neque
311 289 330 307 in
346 289 429 308 themate
446 289 517 313 aliquid
537 289 614 308 facessit
630 290 713 308 clausula
732 290 820 314 apposita
839 290 857 307 in

190 320 243 339 Bulla
257 321 358 339 erectionis
376 321 427 339 salvo
445 321 487 339 iure
501 321 615 345 paraecialis
633 321 728 341 ecclcsiae:
747 327 791 339 narn
810 321 858 339 haec

189 351 272 370 clausula
287 352 305 370 id
320 356 393 370 tantum
407 352 498 376 importat
512 356 533 370 ut
545 352 628 376 parocho
637 352 770 371 defunctorum
780 352 858 376 proprio

189 383 273 402 solvatur
287 387 353 407 quarta
368 383 466 402 funeraria.
482 383 524 402 Hoc
539 389 585 402 sane
600 384 658 402 modo
672 383 791 404 consimilem
809 383 859 402 clau-

189 414 249 432 sulam
264 414 372 433 authentice
387 414 521 438 interpretatus
535 418 565 433 est
579 414 668 433 Clemens
683 415 740 433 IIl,in
755 420 797 439 cap.
817 414 858 433 Cer-

188 445 265 470 lificari
275 451 295 471 9,
309 445 331 464 de
344 446 454 470 sepulturz's;
471 446 515 470 quin
530 446 569 464 imo
582 445 643 464 affinis
658 445 742 464 clausula
756 445 800 464 addi
810 445 859 464 solet

190 476 208 495 in
223 477 327 501 privilegiis
341 477 464 501 Apostolicis.
479 477 548 501 quibus
562 476 815 503 concediturkegularibus
829 477 859 495 ius

189 508 303 532 sepulturae.
320 508 346 526 At
361 514 417 527 nemo
432 508 504 526 inficias
519 508 552 526 ibit
566 508 672 533 Regulates
685 508 761 527 habere
779 508 809 526 ius
823 508 859 532 pri-

189 539 300 564 vilegiatum
315 539 419 558 funerandi.

230 571 262 589 Ab
276 571 332 589 huius
349 571 466 595 quaestionis
484 571 578 590 solutione
597 571 668 595 pendet
687 575 706 590 et
725 571 783 590 altera
802 577 860 595 supra

191 602 294 626 proposita,
309 608 358 626 quae
373 602 452 620 refertur
467 602 490 620 ad
506 603 535 621 ius
549 602 614 620 litandi
625 603 701 621 missam
711 602 830 626 exequialem
840 606 860 620 et

190 633 319 653 emolumenta
334 633 455 658 percipiendi.
472 633 569 658 Siquidem
579 640 621 652 cum
633 634 689 652 missa
699 633 804 658 exequialis
814 640 860 652 non—

190 665 226 684 nisi
240 671 284 689 pars
298 665 322 683 sit
337 666 382 683 iuris
396 665 501 686 funerandi,
517 665 575 683 semel
592 661 692 689 recognito
707 665 746 683 iure
761 665 860 683 funerandi

190 696 282 715 ecclesiae
296 696 315 714 S.
331 696 410 717 Mariae,
426 703 449 715 en
464 697 506 721 ipso
521 696 597 715 attribui
612 696 670 715 debet
684 696 746 715 eidem
757 696 802 715 «iusi
812 696 860 714 cele-

190 727 257 746 brandi
273 727 349 746 missam
364 727 490 751 exequialem.
505 728 607 746 Praeterea
621 727 804 748 immemorabilisin
814 733 860 745 casu

190 763 243 777 extat
257 758 382 779 consuetudo.
398 759 415 776 vi
430 759 484 777 cuius
494 759 551 777 missa
561 758 665 783 exequialis
675 764 751 783 semper
758 758 861 783 persoluta

191 790 225 811 suit
239 796 250 809 a
264 790 361 809 canonicis
376 796 478 814 numquam
493 796 539 808 vero
553 796 565 808 a
581 790 673 815 parocho;
692 790 743 814 quod
762 790 861 808 confirma<

191 826 234 840 runt
249 826 292 840 octo
307 822 361 840 iurati
377 826 435 840 testes
449 828 460 840 a
475 822 533 840 Curia
547 822 622 840 excussi
632 822 667 840 sub
677 821 708 839 die
719 827 730 844 9
741 821 788 840 Nov.
803 827 860 844 1905.

191 853 238 872 Item
254 853 304 872 nulla
318 853 419 872 difficultas
429 853 497 871 adesse
507 857 570 877 potest
579 853 629 871 circa
638 852 808 871 emolumentorum
819 858 861 877 per>

191 885 304 909 ceptionem.
320 884 375 905 Nam.
390 884 415 902 ad
430 885 516 903 tramites
530 884 576 902 iuris
585 884 696 905 eommunis.
708 883 783 902 nonnisi
793 887 861 908 quarta

191 916 286 935 funeraria
304 916 397 940 competit
415 916 499 940 parocho
517 916 604 940 proprio:
624 916 651 933 ita
669 915 688 933 S.
704 915 725 933 C.
741 914 822 933 Concilii
842 915 861 933 in

176 960 180 963 ‹
190 948 291 969 Asculana
304 948 318 967 B
332 951 352 965 et
367 953 391 970 ²9
406 947 457 971 Aug.
477 952 525 970 1733
540 946 565 965 ad
581 953 597 970 3,
613 951 633 965 et
646 947 665 965 in
681 946 781 965 Vitarhicn.
795 947 818 964 16
828 946 861 964 Se-

192 979 283 1003 ptembris
301 979 349 997 1826
364 978 388 997 ad
403 984 421 1001 4.

229 1003 321 1034 ,Deniqu'e
333 1010 396 1034 quoad
410 1010 502 1033 exequias
511 1009 535 1028 ad
546 1009 643 1030 tumulum,
657 1009 801 1027 confraternitas
811 1008 861 1027 ultro

191 1042 274 1060 admittit
288 1047 320 1060 eas
336 1047 370 1065 pro
384 1040 488 1065 praeterito
502 1040 608 1059 celebratas
622 1046 698 1064 semper
714 1040 770 1058 fuisse
785 1040 803 1058 in
818 1039 862 1057 Col⁴

191 1073 262 1098 legiata
277 1079 287 1091 a
302 1072 386 1097 parocho
400 1072 419 1091 S.
431 1072 489 1093 Petri:
505 1072 549 1096 quin
565 1072 603 1090 imo
613 1072 637 1090 de
647 1071 692 1090 solis
707 1071 792 1096 exequiis
806 1071 862 1090 intel-

192 1104 268 1129 ligenda
283 1103 371 1122 videntur
384 1104 505 1124 documenta.
516 1109 565 1127 quae
576 1103 626 1121 idern
636 1103 730 1127 parochus
742 1109 766 1121 ex
780 1103 862 1121 adverso

192 1135 269 1154 adducit
284 1139 304 1153 ut
318 1134 406 1153 ostendat
421 1141 475 1153 suum
490 1134 519 1153 ius
532 1134 598 1153 litandi
613 1134 690 1153 missam
705 1133 828 1158 exequialem.
