921 1304
181 62 198 72 ιο
429 58 494 72 Litterae
509 58 600 77 Apostolicae

218 112 260 130 Art.
276 111 366 130 XXXIII.
381 111 401 130 Si
415 116 494 136 uterque
509 111 623 130 contrahens
638 111 656 130 in
671 118 705 130 suo
719 112 756 130 ritu
775 118 848 136 perma⁴

179 147 231 164 neat,
248 143 340 167 competit
358 143 474 167 presbyteris
491 143 592 167 respectivi
611 143 657 161 ritus
673 143 755 161 officium
770 142 847 167 parochi

178 180 225 199 erga
238 174 281 193 illos
295 180 384 193 exercere
398 174 416 193 in
431 175 488 193 rebus
506 180 555 198 quae
574 174 604 193 hic
621 178 752 195 recensentur,
768 180 846 198 nempe:

179 206 198 224 in
212 205 350 224 communionis
364 205 471 229 paschalis,
486 205 549 224 viatici
563 210 583 224 et
596 210 693 224 extremae
707 205 802 224 unctionis
816 205 848 224 ad-

179 237 327 258 ministratione,
343 237 361 255 in
377 236 489 255 adsistentia
507 237 524 255 in
542 237 607 255 mortis
623 236 714 258 articulo,
729 237 748 255 in
761 236 848 261 exequiis

179 267 310 292 persolvendis
326 271 383 291 atque
400 268 418 286 in
433 268 553 289 humatione;
568 272 650 292 excepto
665 268 783 286 necessitatis
796 274 847 287 casu.

218 299 260 317 Art.
275 298 367 317 XXXIV.
389 299 433 317 Nati
450 299 469 317 in
486 299 599 317 Civitatibus
618 299 728 317 Foederatis
746 299 847 317 Americae

178 336 202 348 ex
217 334 269 354 patre
284 329 342 349 latino
352 334 371 348 et
381 334 440 348 matre
455 330 541 352 ruthena,
552 330 610 349 latino
625 331 661 349 ritu
671 335 715 349 sunt
729 330 845 355 baptizandi:

179 361 242 386 proles
255 362 306 380 enim
321 362 374 386 sequi
388 362 466 380 omnino
480 361 538 380 dehet
552 362 610 386 patris
625 362 686 383 ritum,
702 362 717 380 si
732 362 756 380 sit
772 361 846 380 latinus.

219 393 260 411 Art.
276 393 357 411 XXXV.
373 393 393 411 Si
403 399 448 411 vero
458 397 512 417 pater
526 393 551 412 sit
564 393 660 414 ruthenus,
675 398 694 411 et
708 398 768 412 mater
783 393 846 414 latina.

178 423 257 442 liberum
277 424 313 443 erit
328 424 390 442 eidem
406 425 464 449 patri,
479 424 530 449 quod
545 424 608 449 proles
621 424 651 443 vel
669 425 704 443 ritu
719 425 800 443 rutheno
817 425 848 443 ba-

179 456 268 479 ptizetur,
284 455 313 474 vel
328 456 385 474 etiam
402 456 437 474 ritu
455 455 522 477 latino,
538 456 553 474 si
568 456 585 474 in
600 457 682 481 gratiam
700 456 765 474 uxoris
779 455 847 474 latinae

179 487 220 511 ipse
234 487 356 505 consenserit.

206 518 247 538 Art.
263 518 354 537 XXXVI.
370 518 451 537 Infantes
466 519 490 537 ad
500 519 540 537 eius
554 519 631 543 parochi
644 519 792 537 iurisdictionem
807 525 848 543 per-

179 550 244 571 tinent,
255 550 307 568 cuius
321 550 357 568 ritu
367 554 410 568 sunt
424 550 508 574 legitime
523 550 617 574 baptizati,
633 556 675 568 cum
690 556 723 574 per
733 550 848 574 baptismum

179 581 211 600 fiat
225 582 308 605 suscepti
322 581 368 599 ritus
382 580 434 599 latini
448 581 478 599 vel
492 581 566 600 rutheni
581 581 680 606 professio,
696 581 722 600 ita
736 586 756 599 ut
770 581 794 599 ad
808 581 849 599 lati-

179 619 223 631 num
233 613 288 631 ritum
299 616 386 636 spectent
395 612 426 636 qui
436 612 495 631 latino
505 613 540 631 ritu
551 613 639 637 baptizati
650 616 704 633 sunt:
715 612 747 636 qui
756 618 802 631 vero
811 612 848 630 ritu

179 644 259 662 rutheno
274 647 317 662 sunt
332 643 425 667 baptizati.
441 644 459 662 in
474 643 597 662 ruthenorum
612 649 691 662 numero
705 643 742 662 sint
758 643 847 662 habendi.

219 675 318 700 Excipitur
331 681 387 693 casus
401 675 478 699 quando
493 675 515 693 iis
529 675 634 699 baptismus
648 675 709 693 alieno
723 675 759 693 ritu
769 674 848 693 collatus

179 706 234 725 suerit
248 707 272 725 ob
286 713 365 731 gravem
381 707 519 727 necessitatem,
534 713 576 725 cum
592 706 679 725 nimirum
694 706 749 725 morti
767 706 847 730 proximi

179 737 252 759 fuerint,
267 737 297 756 vel
312 738 330 756 in
345 737 393 759 loeo,
409 738 426 756 in
441 744 480 762 quo
494 742 583 761 parentes
594 743 679 762 tempore
694 738 797 756 nativitatis
810 744 848 756 mo-

179 770 274 789 rabantur.
291 769 384 793 parochus
398 769 468 793 proprii
483 769 529 787 ritus
544 775 581 788 non
596 769 683 790 adesset;
700 773 744 787 tunc
758 769 809 787 enim
823 769 847 787 ad

179 800 283 825 parochum
297 801 349 821 ritus,
360 806 417 824 quem
431 805 520 824 parentes
530 800 647 824 profitentur,
658 800 785 824 pertinebunt,
795 800 848 818 iuxta

179 832 266 856 superius
280 835 355 850 statuta.

220 863 240 880 ln
255 863 347 881 charitate
362 862 437 883 Christi.
448 869 485 887 qua
495 863 560 881 fideles
569 863 654 881 omnium
669 863 737 881 rituum
750 869 848 887 peraman-

180 898 208 912 ter
229 894 383 918 complectimur,
399 894 446 912 haec
460 894 561 912 statuenda
579 894 687 912 censuimus
707 900 741 918 pro
756 894 848 918 spirituali

180 925 231 943 hono
245 925 387 949 animarumque
403 925 463 944 salute
477 925 560 943 fidelium
574 925 697 944 ruthenorum
708 926 725 943 in
737 925 848 944 Foederatis

180 956 293 974 Civitatibus
307 956 407 975 Americae
422 956 579 981 Septentrionalis
594 957 763 977 commorantium;
779 963 801 975 ac
816 956 848 974 mi-

180 988 231 1006 nime
245 988 353 1006 dubitamus
368 988 412 1012 quin
424 989 458 1013 ipsi
469 988 558 1007 Nostram
569 988 617 1006 hanc
626 992 646 1006 et
660 988 783 1012 Apostolicae
793 988 849 1006 Sedis

180 1026 227 1044 erga
247 1026 281 1038 eos
302 1019 447 1038 sollicitudinem
467 1020 550 1044 perfecta
569 1019 689 1040 obedientia.
705 1019 743 1038 imo
759 1024 778 1038 et
792 1023 849 1044 grato

179 1051 243 1069 animo
257 1051 357 1075 excipiant.

220 1082 331 1101 Praesentes
353 1082 435 1101 Litteras
449 1087 468 1100 et
483 1082 500 1100 in
516 1083 543 1100 eis
558 1086 647 1100 contenta
668 1086 687 1100 et
704 1086 774 1100 statuta
793 1088 850 1106 quae-

180 1120 267 1138 cumque,
285 1113 335 1131 nulla
349 1119 438 1138 unquam,
454 1113 497 1132 lieet
512 1113 637 1138 privilegiata,
656 1120 681 1132 ex
697 1119 769 1134 caussa,
785 1113 849 1132 colore

180 1149 200 1163 et
210 1145 277 1169 capite,
293 1144 381 1169 nulloque
392 1151 475 1169 unquam
487 1149 573 1168 tempore
587 1144 611 1162 de
627 1144 689 1168 aliquo
704 1144 793 1162 nullitatis
802 1144 850 1162 vitio
