921 1304
376 55 442 74 Epistola
728 60 732 69 ι
737 55 744 69 5

70 113 132 128 ventu
151 109 242 130 aderunt,
262 109 394 133 Apostolicam
415 109 568 128 benedictionem
587 114 708 134 peramanter
726 110 744 128 in

71 140 160 159 Domino
174 141 298 165 impertimus.

114 171 187 190 Datum
203 172 276 190 Romae
295 172 346 196 apud
363 172 382 190 S.
398 172 485 193 Petrum,
505 172 536 190 die
553 178 572 191 ix
587 172 634 191 lunii
649 178 745 193 unccccv,

71 203 198 222 Pontificatus
213 203 277 222 Nostri
291 209 342 222 anno
357 203 447 222 secundo.

344 243 400 262 Plus
414 233 448 262 ἐι).
460 244 479 262 x

337 338 464 359 EPISTOL
467 340 486 358 A

72 379 119 401 Qua
130 379 220 396 Pontifex
232 380 343 400 gratulatur
350 379 374 396 de
381 384 434 396 nova
443 380 527 396 editione
535 379 653 400 ’theologiae
664 379 747 396 moralis

113 406 134 422 S.
147 406 224 423 Alfonsi
236 406 260 423 de
272 406 353 427 Ligurio.

336 452 418 465 DILECTO
433 453 483 465 FILIO

259 483 362 496 mommo
377 478 441 496 omni:
455 483 562 496 εΑεεκῡοτι

220 514 232 527 Ε
245 514 407 527 CONGREGATIONE
421 515 446 527 SS.
462 515 599 527 REDEMPTOMS.

341 557 396 575 PIUS
411 558 444 576 PP.
461 557 480 576 X

138 592 209 611 Diluta
217 592 259 616 fili,
274 592 353 610 salutem
367 595 384 610 et
398 593 524 615 Apostolicam
539 592 683 610 benedictinum.

118 641 182 660 Sancti
200 641 285 660 doctoris
302 641 377 661 Alfonsi
396 642 420 660 de
439 642 518 667 Ligurio
536 648 559 660 ea
575 645 605 660 est
623 641 641 660 in
661 641 747 660 Ecclesia

75 673 115 691 Dei
130 673 246 691 existimatio
260 677 317 697 atque
333 673 379 694 laus,
399 677 420 691 ut
438 673 467 691 vel
487 673 505 691 id
525 679 581 691 unum
601 672 697 691 sufficeret
715 679 749 692 eur

75 710 147 723 novam
162 704 203 722 Nos
212 704 315 723 editionem
326 704 445 729 Theologiae
457 704 533 723 moralis
543 704 666 722 Alfonsianae
676 704 748 723 Nostro

75 735 150 754 nomini
165 735 266 754 dicandam
280 735 404 754 libentissime
419 736 576 760 permitteremus.
600 735 670 753 Verum
690 739 711 753 ut
728 735 748 753 id

76 766 169 792 peculiari
183 767 241 785 modo
255 766 334 785 editioni
349 767 391 785 huic
405 771 449 785 tuae
464 766 597 788 concedamus,
608 766 661 790 plura
671 766 747 787 faciunt,

76 799 147 823 quibus
161 798 228 816 eadem
244 798 283 816 iure
298 798 365 816 merito
379 798 442 822 typica
451 797 521 816 exinde
530 797 621 822 appellari
630 802 694 822 queat.
709 797 748 816 Sci-

77 836 126 851 mus,
144 829 212 848 dilecte
230 829 261 850 fili,
279 829 346 848 decem
365 833 384 847 et
402 833 445 848 octo
462 835 522 847 annos
541 829 593 853 ipsos
612 829 630 847 in
650 835 673 847 ea
691 835 749 853 appa-

76 861 138 880 tanda
152 860 302 886 diligentissimis
321 861 371 879 curis
385 864 403 879 te
419 860 544 885 impendisse:
564 860 597 879 sed
612 860 687 878 labores
706 864 748 879 tuos

76 893 166 911 evenisse
180 892 258 911 feliciter
271 891 362 917 gratulari
372 887 457 916 nrofecto
467 896 528 915 potes.
544 891 621 910 Praeter
630 892 681 910 enim
690 897 747 915 quam

76 924 131 949 quod
145 924 253 942 testimonia
267 928 364 942 auctorum
380 923 473 942 universa.
488 929 536 947 quae
551 929 562 941 a
577 923 596 942 S.
611 923 695 941 Doctore
705 922 748 940 affe-

76 959 150 976 runtur,
166 954 190 973 ad
203 954 292 973 trutinam
309 960 334 972 ex
354 954 398 979 ipsis
417 954 499 972 sontibus
518 954 624 974 revocasti;
644 953 750 972 sententias

77 988 132 1012 ipsas
146 987 164 1005 S.
180 986 259 1007 Alfonsi.
270 992 294 1004 ex
304 986 343 1004 aeri
353 985 453 1004 collatione
463 986 580 1010 singularum
594 985 748 1004 antecedentium

76 1018 183 1037 editionum
198 1022 343 1041 ceterorumque
358 1017 456 1036 moralium
471 1017 531 1041 ipsius
545 1023 630 1041 operum,
646 1016 673 1035 sic
683 1022 748 1035 excus-

77 1050 120 1068 sisti
135 1049 236 1073 subtilique
250 1049 319 1067 iudicio
334 1048 453 1073 comparasti,
470 1052 489 1066 ut
504 1048 548 1066 nihil
563 1048 601 1066 sere
611 1048 635 1066 sit
645 1047 702 1066 modo
712 1047 749 1065 cui-

77 1081 126 1100 libet
139 1080 272 1101 dubitandum,
286 1080 331 1104 quid
346 1079 364 1098 in
380 1085 418 1098 una
427 1085 501 1103 quaque
512 1085 585 1097 morum
594 1079 707 1103 quaestione
717 1078 748 1096 Al-

78 1113 146 1131 {onsus
159 1111 183 1130 sit
196 1111 274 1130 demum
292 1110 392 1135 amplexus
410 1117 537 1135 supremaque
556 1114 619 1129 aetate
637 1110 747 1129 defenderit.

78 1144 137 1168 Opus
151 1143 208 1168 igitur
222 1142 322 1167 perfecisti,
338 1142 406 1160 dilecte
421 1142 451 1163 fili,
466 1148 523 1166 quam
537 1141 588 1166 quod
607 1142 689 1160 maxime
703 1140 750 1159 utile
