921 1304
205 56 231 70 Ex
241 56 256 70 s.
265 56 282 70 c.
294 56 421 76 [udalgenmmm
431 59 445 70 ιι
456 56 483 70 ss.
491 56 592 74 &uquarum
710 59 737 74 ¹²7

70 113 89 128 et
98 109 200 131 Valdaura,
211 109 339 128 Plasentinum
353 110 470 134 Episcopum
484 114 504 128 et
516 110 678 135 Congregationis
691 110 738 129 Ora-

70 141 112 160 torii
126 141 208 166 primum
229 141 355 165 plantatorem
369 141 470 160 Valentiae
484 142 503 159 'rn
517 141 620 166 Hispania,
636 146 700 160 manet
713 148 738 160 ex

70 176 113 191 tunc
128 173 159 197 pia
174 172 291 191 consuetudo
313 173 453 191 lmrnaeulatam
469 172 568 198 Virginem
589 173 669 191 Mariam
691 173 738 191 salu-

71 204 122 222 tandi
137 210 148 222 a
162 203 248 223 fidelibus
263 204 303 223 sive
317 204 335 222 in
349 204 385 222 viis
399 204 547 226 occurrentibus,
563 204 603 223 sive
621 204 698 223 domurn
712 204 738 223 in-

71 235 168 256 trantibus,
184 236 223 254 sive
238 235 319 260 denique
332 235 435 260 quamlibet
455 235 592 260 blasphemiam
611 235 737 257 audientibus,

71 266 99 285 his
112 272 170 291 quam
187 266 301 285 dulcissimis
314 266 389 285 verbis:
404 267 448 285 Ave
461 266 531 285 Maria
541 266 654 290 parisi-ima,
669 266 738 290 quibus

71 298 94 316 ab
108 298 229 316 audientibus
243 298 269 316 sic
284 298 421 322 respondetur:
437 298 484 316 Sine
494 300 565 321 peccato
581 299 668 321 concupita
684 297 737 316 Haec

70 333 139 350 autern,
154 335 203 353 quae
218 329 367 347 antonomastice
389 328 480 353 appellari
495 332 558 352 potest
571 328 652 353 hispana
670 328 738 347 saluta-

71 361 102 382 tio,
117 361 142 379 de
156 360 187 379 die
201 361 219 379 in
233 360 285 379 diem
299 365 318 379 et
332 360 422 385 paulatim
443 360 533 381 oblivioni
547 360 631 379 traditur.
649 360 695 378 Ideo
709 366 738 378 su-

71 392 187 416 prascriptus
197 392 318 416 Praepositus
332 392 439 416 praedictae
449 391 610 416 Congregationis
625 391 738 410 Maioricen-

71 423 101 445 sis,
110 423 201 442 oriundae
211 429 222 441 a
231 423 333 442 Valentina
342 423 428 448 superius
439 427 549 444 memorata,
556 422 667 441 desiderans
674 429 738 447 quam-

71 454 170 478 plurimum
185 460 208 472 ne
223 454 312 473 deflectat
326 454 372 473 haec
387 454 511 475 consuetudo,
522 454 556 472 sed
570 460 581 472 e
596 458 662 472 contra
676 454 738 479 magis

71 486 170 510 magisque
189 485 303 506 stabiliatur,
319 491 330 504 a
344 485 362 504 S.
380 485 402 505 V.
416 485 478 504 enixis
499 485 586 510 precibus
607 485 698 509 postulat,
718 490 738 503 ut

70 517 158 535 omnibus
177 516 263 535 fidelibus
277 516 295 535 in
310 516 407 541 hispanica
421 516 493 535 ditione
508 516 628 541 degentibus,
643 516 675 540 qui
690 516 738 534 hanc

71 548 174 572 piissimam
195 547 328 566 salutationem
342 548 385 566 Ave
399 548 469 566 Maria
485 548 593 571 purissima
607 547 677 566 devote
691 547 739 566 reei-

71 579 157 600 taverint,
173 579 202 597 vel
217 578 279 597 eidem
295 579 341 597 Sine
353 581 426 603 peccato
441 581 523 603 concepta
539 578 678 603 responderint.
693 584 739 597 con>

71 611 149 629 cedatur
163 617 174 629 a
188 610 207 630 S.
218 610 240 628 V.
253 610 371 635 indulgentia
385 611 524 635 quinquaginta
538 610 611 629 dierum
626 610 683 628 toties
693 616 739 634 quo-

71 642 116 663 ties:
132 642 155 661 iis
168 648 220 663 vero,
236 648 259 660 ex
276 641 378 666 praedictis
394 641 553 663 christifidelibus,
568 642 599 666 qui
621 641 705 666 quotidie
720 641 738 659 il-

70 674 107 693 lam
118 674 196 692 recitare
206 673 343 694 consueverint,
354 673 438 698 plenaria
447 673 566 698 indulgentia
576 672 634 692 semel
644 673 662 691 in
673 679 739 691 mense

70 705 165 726 lucranda,
175 705 211 726 die,
222 711 288 723 eorum
302 704 380 723 arbitrio
394 704 489 729 eligendo,
500 711 544 729 quo,
555 704 635 723 confessi
645 710 667 722 ae
677 703 696 722 S.
705 703 739 728 Sy-

71 737 114 755 naxi
135 736 205 758 refecti,
220 736 303 760 aliquam
317 735 416 754 ecclesiam
431 736 460 754 vel
476 736 571 760 publicum
589 736 692 754 oratorium
706 735 739 753 de-

70 772 115 787 vote
128 768 247 786 visitaverint
260 771 280 786 et
294 768 339 786 inibi
353 767 377 786 ad
393 771 475 786 mentem
490 767 509 787 S.
524 767 548 785 V.
563 767 594 791 pie
610 767 711 786 oraverint.

110 799 135 818 Et
149 799 203 818 Deus
217 803 252 817 ete.
704 800 707 802 '

110 830 245 849 Sanctissimus
260 830 354 848 Dominus
369 830 440 848 Noster
460 830 505 848 Pius
519 830 552 848 PP.
569 829 594 851 X,
609 830 627 847 in
642 829 738 848 audientia

72 862 135 880 habita
145 861 176 880 die
187 862 198 880 8
209 861 290 880 Ianuarii
303 861 351 884 1908
362 861 386 879 ab
396 861 516 885 infrascripto
531 860 626 879 Cardinali
641 861 738 879 Praefecto

72 893 140 912 Sacrae
155 893 318 917 Congregationis
333 892 458 917 Indulgentiis
472 892 572 917 Sacrisque
584 892 676 917 Reliquiis
686 898 739 917 prae-

72 924 150 948 positae,
165 924 249 948 benigne
263 924 329 942 annuit
343 930 377 948 pro
391 924 454 948 gratia
468 923 486 942 in
501 924 589 942 omnibus
601 923 654 942 iuxta
666 929 737 947 preces.

73 955 168 974 Praesenti
183 955 201 973 in
217 959 330 979 perpetuum
344 954 430 976 valituro,
446 955 517 979 absque
532 954 569 973 ulla
584 954 649 973 Brevis
662 954 739 979 expedi-

72 987 128 1005 tione.
143 986 248 1005 Contrariis
262 986 412 1011 quibuscumque
427 992 465 1004 non
480 986 603 1004 obstantibus.

112 1018 183 1037 Datum
198 1018 277 1039 Romae,
293 1024 303 1036 e
317 1017 423 1036 Secretaria
444 1017 529 1036 eiusdem
544 1017 612 1035 Sacrae
627 1017 739 1042 Congrega-

72 1049 133 1071 tionis,
149 1049 180 1068 die
195 1049 206 1067 8
221 1049 302 1067 Ianuarii
320 1050 375 1072 1908.

196 1080 215 1099 S.
231 1080 287 1099 Card.
304 1080 398 1101 ennom,
413 1079 526 1103 Praefectus.

235 1116 245 1134 τ
260 1111 284 1130 D.
300 1111 370 1133 Paniei.
385 1111 474 1136 Arehiep.
490 1111 599 1132 Laodicen„
615 1111 747 1130 Sannaus.-

300 1150 512 1168 -ψ-
