921 1304
381 57 446 76 Epistola
717 61 736 71 ιο
739 62 744 71 r

77 115 175 131 ostentent
185 111 293 132 catholicos,
304 118 362 136 quum
376 112 395 130 in
410 112 451 136 ipsa
460 112 527 131 intima
536 112 634 137 religionis
647 112 748 136 disciplina

78 142 212 161 auctoritatem
229 143 296 167 privati
315 143 404 164 doctoris.
424 143 511 168 quamvis
529 143 616 168 insignis,
637 143 749 168 magisterio

77 174 202 199 Apostolicae
216 174 272 193 Sedis
286 178 408 198 anteponant.
424 174 511 198 Quorum
527 180 563 193 non
577 174 634 193 modo
648 178 668 193 tu
682 178 749 193 contu-

78 205 158 223 maciam
168 205 263 230 coarguis,
275 205 309 223 sed
318 204 416 223 fallaciam.
431 205 488 226 Nam,
497 205 512 223 si
528 206 546 223 in
561 205 589 226 iis.
600 211 649 229 quae
663 205 693 224 hic
703 209 749 224 ante

78 236 191 255 catholicam
205 236 342 261 professionem
357 237 464 261 scripserat,
479 236 523 255 licet
537 237 617 255 sortasse
632 236 702 261 aliquid
716 237 747 255 de⁴

77 267 203 292 prehendere,
217 268 269 292 quod
283 268 425 286 similitudinem
435 267 537 292 quamdam
551 268 622 286 habeat
635 274 678 286 eum
691 268 750 286 certis

78 299 239 318 Modernismrum
254 298 343 320 formulis,
359 299 398 317 iure
417 299 436 317 id
450 305 511 324 negas
525 299 566 317 istis
582 299 691 324 suffragari:
707 305 750 323 pro-

78 334 145 355 pterea
158 330 210 354 quod
224 334 244 348 et
257 329 315 354 longe
330 329 367 348 alia
381 329 452 348 ibidem
466 334 496 348 est
510 330 595 348 subiecta
611 330 690 348 vocibus
707 336 749 348 sen-

78 361 145 382 tentia,
160 361 249 385 aliudque
264 361 364 379 scribentis
374 365 404 380 est
417 361 542 385 propositum.
557 366 577 379 et
591 361 632 385 ipse
646 365 718 382 auctor,
729 361 749 379 in

78 393 131 411 aditu
146 393 170 411 ad
185 392 291 411 Ecclesiam
305 392 424 413 catholicam,
439 393 503 411 omnia
517 399 552 411 sua
566 392 636 417 scripta
649 392 748 411 Ecclesiae

78 424 139 449 ipsius
157 424 264 442 auctoritati
282 423 354 444 detulit,
373 424 437 448 utique
455 424 581 445 emendanda,
599 424 614 442 si
633 424 747 442 viderentur.

78 455 138 479 Quod
152 459 215 474 autem
229 455 254 473 ad
268 454 327 473 libros
340 455 413 476 attinet,
429 461 478 479 quos
492 461 563 480 mag-no
577 455 607 473 vel
625 461 704 473 numero
718 454 749 473 vel

78 486 165 511 pondere
179 486 260 505 confecit
279 485 387 507 catholicus,
403 486 435 504 vix
454 492 503 510 opus
517 490 551 507 est,
567 492 609 505 eum
624 486 659 505 hac
674 486 749 504 haeresi

78 518 215 543 cognationem
225 517 249 536 ab
264 517 292 535 eis
306 516 402 541 repellere
418 517 494 536 Etenim
504 517 523 536 in
537 517 578 536 luce
593 517 681 542 Angliae,
697 517 749 542 quod

79 556 137 568 nemo
148 549 229 574 ignorat,
240 549 267 567 sic
281 548 375 567 Henricus
384 549 477 567 Newman
487 553 580 573 perpetuo
594 554 671 567 causam
685 548 751 566 catho-

78 580 128 599 licae
143 580 186 599 fidei
205 580 306 598 scribendo
322 580 368 604 egit.
383 583 404 598 ut
422 580 463 598 eius
477 586 535 604 opera
550 579 605 598 simul
619 580 692 598 civibus
710 579 750 597 suis

79 612 163 630 maxime
178 615 229 629 esset
239 610 331 632 salutaris.
348 610 403 629 simul
417 617 428 629 a
438 611 571 629 decessoribus
581 611 656 629 Nostris
670 610 749 629 maximi

78 642 142 661 fieret:
159 642 222 666 itaque
232 642 303 667 dignus
317 646 346 660 est
360 642 440 663 habitus,
452 648 508 666 quem
523 642 564 661 Leo
574 642 623 663 ΧΙΙΙ,
637 642 749 661 aestimator

78 678 131 692 certe
146 679 206 698 sagax
220 673 318 691 hominum
333 677 390 698 atque
404 679 472 695 rerum,
488 673 609 692 Cardinalem
624 673 704 694 diceret;
720 673 751 691 cui

78 704 157 729 quidem
172 704 190 722 in
205 704 256 722 ornni
271 704 362 728 deinceps
375 705 414 723 vita
429 705 496 723 merito
511 704 545 723 suit
558 704 672 723 carissimus.
688 704 752 722 Profe—

78 740 112 754 eto
125 736 144 754 in
159 739 212 754 tanta
222 735 372 754 lucubrationum
383 735 424 754 eius
438 736 493 760 copia
507 735 605 760 quidpiam
617 735 694 760 reperiri
709 739 752 760 pot-

78 771 115 788 est.
130 766 181 791 quod
196 767 220 785 ab
235 766 306 785 usitata
320 766 453 791 theologorum
469 767 542 785 ratione
556 767 639 785 alienum
654 767 749 785 videatur:

79 798 125 817 nihil
140 802 209 822 potest,
224 798 276 823 quod
290 798 314 816 de
329 798 388 822 ipsius
404 798 440 817 fide
455 798 582 822 suspicionem
597 798 668 817 afferat.
683 798 752 816 Recte—

79 836 117 854 que
131 829 219 850 affirmas,
232 829 299 848 mirum
310 835 348 848 non
363 835 411 851 esse,
422 830 438 848 si
448 836 505 854 quum
516 829 585 848 indicia
595 830 679 848 haeresis
689 835 751 848 novae

79 861 131 880 nulla
145 864 265 885 apparerent.
281 861 338 879 certis
356 861 469 885 quibusdam
485 861 503 879 in
518 861 564 879 locis
579 867 616 879 non
635 861 660 879 ita
674 865 750 880 cautum

80 892 167 911 adhibuit
181 892 270 916 loquendi
285 898 357 917 genus:
372 892 406 910 sed
421 898 521 916 perperam
536 892 641 917 doloseque
655 892 751 911 Moderni-

79 928 119 942 stas
134 923 202 944 facere,
217 923 249 947 qui
267 923 298 942 illa
311 924 376 944 verba,
391 923 450 942 invito
467 923 526 942 totius
544 924 635 942 orationis
653 928 750 945 contextu,

79 955 105 973 ad
119 961 174 973 suam
188 955 272 979 ipsorum
286 955 400 973 sententiam
415 954 547 979 detorqueant.
562 955 602 973 Nos
616 955 674 980 igitur
687 959 751 980 gratu-

79 986 141 1004 lamur
155 985 194 1007 tibi,
209 985 261 1010 quod
276 986 386 1004 memoriam
401 986 467 1010 optimi
482 990 502 1004 et
513 986 646 1010 sapientissimi
660 986 700 1007 viri,
716 992 751 1010 pro

80 1021 114 1035 tua.
128 1017 241 1041 scriptorum
256 1016 297 1035 eius
311 1017 394 1035 omniurn
409 1017 481 1038 notitia,
499 1017 578 1042 egregie
593 1017 617 1035 ab
631 1017 698 1035 iniuria
712 1017 751 1035 vin-

80 1048 159 1067 dicaris:
175 1047 273 1072 simulque,
289 1052 380 1072 quantum
395 1048 413 1066 in
428 1052 446 1066 te
461 1048 500 1069 fuit,
516 1048 606 1069 effeceris,
622 1052 642 1066 ut
656 1048 705 1066 inter
719 1054 751 1072 po-

80 1079 158 1104 pulares
166 1083 216 1100 tuos,
227 1079 303 1104 Anglos
313 1080 429 1103 praesertim,
441 1080 479 1098 iam
488 1080 576 1098 desinant
586 1080 617 1104 qui
628 1079 664 1098 hoe
674 1080 751 1098 nomine

81 1111 135 1129 abuti
153 1114 301 1132 consueverunt,
321 1110 420 1135 imperitos
437 1110 531 1135 decipere.
551 1110 616 1134 Atque
634 1110 706 1128 utinam
725 1110 750 1129 illi

81 1146 180 1160 auctorem
194 1142 229 1160 rite
244 1145 347 1166 sequantur
361 1141 459 1163 Newman.
471 1148 509 1160 non
524 1141 551 1160 ita
565 1147 633 1165 nempe
647 1145 667 1159 ut
678 1141 752 1165 praeiu-
