921 1304
370 56 436 75 Epistula
712 59 738 73 ¹97

70 114 127 135 pente
142 111 210 129 iberum
224 117 286 135 eoque
300 111 401 129 violentius
415 111 497 129 invidiae
512 111 593 132 flamma,
606 110 740 135 spoliationem

70 142 170 167 dignitatis
179 146 199 161 et
213 143 297 161 omnium
307 143 400 161 bonorum
410 142 457 161 tulit.
473 142 545 161 Coacta
560 148 602 161 cum
617 142 681 166 parvis
691 142 740 160 natis

70 173 179 191 mendicam
193 177 300 192 sustentare
314 173 372 192 vitam
387 173 434 198 ipsa,
449 174 515 198 regius
532 173 610 198 sanguis
624 177 644 191 et
658 172 740 191 Thurin-

70 204 114 229 giae
127 204 212 226 domina,
223 208 263 223 tum
276 204 375 223 enimvero
384 204 438 223 dedit
451 204 538 228 obsequii
553 210 600 229 erga
614 203 698 222 divinam
707 210 740 222 vo—

70 235 167 256 luntatem,
183 235 253 254 amoris
267 235 359 254 adversus
368 235 460 256 inimicos,
475 235 579 260 patientiae
592 239 612 254 et
626 229 742 254 fortitudinisv

69 266 186 285 documenta.
200 266 289 285 maxima.
304 266 365 290 Quae,
381 267 478 285 conversis
492 266 571 285 feliciter
585 266 663 285 tandem
677 266 739 288 rebus.

70 303 128 322 quum
143 302 209 321 posset
223 304 247 316 ex
261 301 348 322 egestate
363 298 507 322 ignominiaque
520 304 625 323 emergere,
641 297 701 316 noluit
714 301 741 316 ta-

70 335 122 347 men:
138 329 178 350 sed,
194 329 286 350 instituto,
301 329 397 348 Francisci
412 329 531 350 Assisiensis,
547 328 688 348 similitudinem
698 329 740 347 Iesu

70 360 160 379 Crucifixi
175 360 298 385 cupidissime
312 365 411 385 appetens,
426 361 477 379 vine
493 367 561 386 genus,
577 360 662 379 nuditate
677 360 741 384 poeni-

70 391 168 415 tentiaque
182 392 313 416 asperrimum,
328 392 352 411 ad
366 396 473 411 extremum
492 398 552 416 usque
572 392 664 416 spiritum,
679 391 740 409 duxit.

70 423 109 442 Iam
123 429 147 441 ex
162 423 191 441 his
205 423 256 441 velut
270 423 336 448 primis
344 423 464 442 lineamentis
478 427 536 448 patet.
551 427 643 447 quantum
657 422 741 441 christia—

71 460 106 472 nae
121 454 243 478 perfeetionis
252 454 350 479 exemplar
365 455 383 473 in
393 454 503 473 Elisabetha
518 454 610 472 muliebre
621 460 676 472 secus
688 460 741 478 prae·

69 485 131 509 cipue,
147 485 236 510 virgines,
252 490 329 510 nuptae,
340 485 408 504 viduae
423 485 506 504 habeant
520 485 555 504 sibi
570 491 657 510 quaeque
672 491 740 509 propo-

71 516 133 535 situm.
149 516 208 540 Quod
223 517 294 535 utinam
309 517 411 541 pleraeque
421 517 537 535 contendant
551 517 643 535 imitando
657 516 739 540 assequi:

70 547 126 566 saluti
136 548 234 566 societatis
247 548 367 569 christianae,
383 554 473 573 magnam
487 552 567 572 partem,
578 547 686 566 consultum
698 548 739 566 erit⁴

71 579 112 597 Nos
126 579 204 603 quidem
218 583 270 598 certe
285 580 388 600 universas.
404 583 425 598 ut
438 579 457 597 id
474 580 568 600 studeant,
584 579 692 597 hortamur:
707 579 741 597 sed

71 610 170 634 potissime
179 616 204 629 ex
213 610 241 628 eis
255 611 274 629 in
284 610 378 629 Ordinem
388 610 535 629 Franciscalium
548 610 634 629 Tertium
649 609 740 631 adlecta&

71 647 126 666 quae,
137 647 195 666 quum
205 642 294 666 peculiari
310 642 360 667 apud
371 642 433 660 Deum
448 646 528 666 patrona
538 641 650 660 Elisabetha
659 645 740 662 utantur,

70 672 142 691 debent
156 672 258 691 studiosius
276 673 344 692 ceteris
363 673 442 691 virtutes
458 673 500 691 eius
513 672 561 691 velle
577 672 690 697 exprimere.
709 672 741 690 Ad

71 703 177 722 saecularia
191 710 244 723 sacra
258 704 309 729 quod
323 704 397 726 attinet,
413 708 433 723 ut
447 704 582 729 Hungarorum
596 709 644 728 erga
657 703 741 722 beatissi-

73 741 123 753 mam
138 735 240 753 foeminam
254 740 328 754 ametur
342 736 409 760 pietas,
425 740 482 760 atque
496 739 517 754 ut
535 735 698 754 caeremoniarum
712 741 742 753 ce-

71 766 148 784 lebritas
158 770 258 791 augeatur,
268 766 315 785 libet
329 767 389 785 Nobis
399 767 476 792 aliquod
486 767 601 791 pontificalis
610 766 741 791 indulgentiae

71 803 140 816 munus
149 797 221 816 afferre.
237 798 336 819 Novimus.
347 805 381 817 vos
395 805 406 817 a
416 799 447 817 die
461 800 482 817 16
493 798 564 817 mensis
575 798 690 817 Novembris
699 804 742 822 pro-

71 829 117 847 ximi
125 829 283 853 supplicationem
294 830 312 848 in
322 830 405 848 triduum
415 836 449 854 per
458 830 576 854 Hungariam
586 833 646 848 totam
657 829 675 847 in
685 829 742 848 certis

71 860 210 884 destinatisque
224 861 300 885 templis
314 861 418 880 habituros.
439 861 540 885 Quotquot
554 861 612 886 igitur
626 867 741 885 unoquoque

72 891 102 910 die
116 892 161 910 huic
175 891 309 916 supplicationi
324 892 446 914 interfuerint.
457 893 485 911 eis
499 893 572 913 damus,
583 896 603 911 ut
617 893 659 916 ipsa
673 892 742 916 suppli-

72 923 121 941 catio
135 923 160 941 ad
170 922 223 942 labes
233 924 290 942 animi
305 924 410 949 expiandas
420 924 518 948 septennis
528 923 671 948 supplicationis
683 923 742 941 insmr

72 953 100 972 sit
116 954 239 978 Quicumque
253 958 323 976 autem,
338 955 369 974 die
388 955 436 974 sesto
450 955 533 974 Sanctae
547 954 676 975 Elisabethae.
696 958 742 972 tem-

73 984 123 1009 plum
137 986 163 1003 ab
177 985 280 1004 Ordinatio
294 986 330 1005 loci
340 986 461 1011 designatum
476 986 562 1007 adierint,
578 986 642 1010 ibique
656 989 743 1010 peccato-

73 1022 114 1035 rum
128 1017 249 1041 eonfessione
263 1017 299 1036 rite
313 1017 372 1036 abluti
387 1018 457 1036 Sancta
471 1018 496 1036 de
506 1017 560 1036 altari
575 1021 684 1036 reverenter
698 1016 744 1035 liba-

73 1048 139 1069 verint,
154 1054 233 1072 remque
252 1048 374 1067 christianam
392 1049 435 1067 Deo
452 1049 542 1074 religiose
560 1048 743 1069 commendaverint,

74 1079 145 1097 eisdem
160 1079 288 1100 concedimus,
303 1084 324 1098 ut
341 1080 446 1104 plenariam
465 1080 489 1098 de
508 1080 596 1098 admissis
613 1079 652 1097 suis
666 1079 743 1097 veniam

74 1109 180 1134 impetrent.
197 1110 295 1129 Postremo
313 1111 414 1135 Episcopis
432 1111 521 1129 omnibus
540 1111 657 1135 Hungariae,
672 1110 704 1134 qui
718 1116 743 1128 eo

76 1140 115 1165 ipso
128 1141 178 1159 sesto
192 1141 223 1159 die
238 1148 311 1161 sacrum
330 1142 433 1167 pontificali
451 1142 487 1160 ritu
502 1142 567 1161 facturi
582 1142 625 1163 sint,
645 1145 671 1163 ut,
687 1147 742 1160 sacro
