<?xml version="1.0" encoding="UTF-8"?>
<!DOCTYPE html PUBLIC "-//W3C//DTD XHTML 1.0 Transitional//EN"
    "http://www.w3.org/TR/xhtml1/DTD/xhtml1-transitional.dtd">
<html xmlns="http://www.w3.org/1999/xhtml" xml:lang="en" lang="en">
 <head>
  <title>
</title>
<meta http-equiv="Content-Type" content="text/html;charset=utf-8" />
  <meta name='ocr-system' content='tesseract 3.04.00' />
  <meta name='ocr-capabilities' content='ocr_page ocr_carea ocr_par ocr_line ocrx_word'/>
</head>
<body>
  <div class='ocr_page' id='page_1' title='image "actasanctaesedi06popegoog_0044.png"; bbox 0 0 921 1304; ppageno 0'>
   <div class='ocr_carea' id='block_1_1' title="bbox 286 52 724 69">
    <p class='ocr_par' dir='ltr' id='par_1_1' title="bbox 286 52 724 69">
     <span class='ocr_line' id='line_1_1' title="bbox 286 52 724 69; baseline -0.005 -2"><span class='ocrx_word' id='word_1_1' title='bbox 286 53 312 67; x_wconf 74' lang='lat' dir='ltr'>Ex-</span> <span class='ocrx_word' id='word_1_2' title='bbox 322 53 406 67; x_wconf 62' lang='lat' dir='ltr'>Samaria</span> <span class='ocrx_word' id='word_1_3' title='bbox 418 53 487 67; x_wconf 66' lang='lat' dir='ltr'>Breuium</span> <span class='ocrx_word' id='word_1_4' title='bbox 707 52 724 69; x_wconf 76' lang='lat'>37</span> 
     </span>
    </p>
   </div>
   <div class='ocr_carea' id='block_1_2' title="bbox 59 80 724 89">
    <p class='ocr_par' dir='ltr' id='par_1_2' title="bbox 59 80 724 89">
     <span class='ocr_line' id='line_1_2' title="bbox 59 80 724 89; baseline 0 0"><span class='ocrx_word' id='word_1_5' title='bbox 59 80 724 89; x_wconf 95' lang='lat' dir='ltr'> </span> 
     </span>
    </p>
   </div>
   <div class='ocr_carea' id='block_1_3' title="bbox 54 111 725 511">
    <p class='ocr_par' dir='ltr' id='par_1_3' title="bbox 56 111 725 226">
     <span class='ocr_line' id='line_1_3' title="bbox 58 111 725 137; baseline -0.003 -6"><span class='ocrx_word' id='word_1_6' title='bbox 58 117 126 131; x_wconf 77' lang='lat' dir='ltr'>statuta</span> <span class='ocrx_word' id='word_1_7' title='bbox 144 112 247 137; x_wconf 79' lang='lat' dir='ltr'>peculiaria</span> <span class='ocrx_word' id='word_1_8' title='bbox 264 118 313 137; x_wconf 80' lang='lat' dir='ltr'>quae</span> <span class='ocrx_word' id='word_1_9' title='bbox 332 112 465 131; x_wconf 82' lang='lat' dir='ltr'>Definitorium</span> <span class='ocrx_word' id='word_1_10' title='bbox 484 111 573 136; x_wconf 81' lang='lat' dir='ltr'>generale</span> <span class='ocrx_word' id='word_1_11' title='bbox 591 111 680 132; x_wconf 80' lang='lat' dir='ltr'>ediderit,</span> <span class='ocrx_word' id='word_1_12' title='bbox 698 111 725 129; x_wconf 90' lang='lat' dir='ltr'>in-</span> 
     </span>
     <span class='ocr_line' id='line_1_4' title="bbox 56 142 725 165; baseline -0.003 -3"><span class='ocrx_word' id='word_1_13' title='bbox 56 143 124 162; x_wconf 83' lang='lat' dir='ltr'>violate</span> <span class='ocrx_word' id='word_1_14' title='bbox 143 148 230 165; x_wconf 77' lang='lat' dir='ltr'>servent:</span> <span class='ocrx_word' id='word_1_15' title='bbox 250 147 270 162; x_wconf 88' lang='lat' dir='ltr'>ut</span> <span class='ocrx_word' id='word_1_16' title='bbox 289 143 377 162; x_wconf 84' lang='lat' dir='ltr'>Officium</span> <span class='ocrx_word' id='word_1_17' title='bbox 395 143 480 161; x_wconf 84' lang='lat' dir='ltr'>divinum</span> <span class='ocrx_word' id='word_1_18' title='bbox 498 143 516 161; x_wconf 77' lang='lat' dir='ltr'>in</span> <span class='ocrx_word' id='word_1_19' title='bbox 534 142 592 161; x_wconf 85' lang='lat' dir='ltr'>choro</span> <span class='ocrx_word' id='word_1_20' title='bbox 606 142 660 161; x_wconf 77' lang='lat' dir='ltr'>statis</span> <span class='ocrx_word' id='word_1_21' title='bbox 674 142 725 160; x_wconf 82' lang='lat' dir='ltr'>horis</span> 
     </span>
     <span class='ocr_line' id='line_1_5' title="bbox 57 172 725 199; baseline -0.001 -7"><span class='ocrx_word' id='word_1_22' title='bbox 57 174 172 198; x_wconf 76' lang='lat' dir='ltr'>persolvant:</span> <span class='ocrx_word' id='word_1_23' title='bbox 187 174 269 199; x_wconf 82' lang='lat' dir='ltr'>denique</span> <span class='ocrx_word' id='word_1_24' title='bbox 285 179 305 193; x_wconf 80' lang='lat' dir='ltr'>ut</span> <span class='ocrx_word' id='word_1_25' title='bbox 319 174 384 192; x_wconf 88' lang='lat' dir='ltr'>munia</span> <span class='ocrx_word' id='word_1_26' title='bbox 398 174 467 199; x_wconf 74' lang='lat' dir='ltr'>saciant</span> <span class='ocrx_word' id='word_1_27' title='bbox 481 174 549 195; x_wconf 77' lang='lat' dir='ltr'>omnia,</span> <span class='ocrx_word' id='word_1_28' title='bbox 561 179 609 198; x_wconf 89' lang='lat' dir='ltr'>quae</span> <span class='ocrx_word' id='word_1_29' title='bbox 624 173 642 191; x_wconf 87' lang='lat' dir='ltr'>in</span> <span class='ocrx_word' id='word_1_30' title='bbox 658 172 725 197; x_wconf 83' lang='lat' dir='ltr'>quovis</span> 
     </span>
     <span class='ocr_line' id='line_1_6' title="bbox 56 205 560 226; baseline -0.002 -2"><span class='ocrx_word' id='word_1_31' title='bbox 56 206 89 224; x_wconf 75' lang='lat' dir='ltr'>rite</span> <span class='ocrx_word' id='word_1_32' title='bbox 104 205 207 224; x_wconf 81' lang='lat' dir='ltr'>constituto</span> <span class='ocrx_word' id='word_1_33' title='bbox 221 206 315 224; x_wconf 84' lang='lat' dir='ltr'>coenobio</span> <span class='ocrx_word' id='word_1_34' title='bbox 330 205 408 224; x_wconf 79' lang='lat' dir='ltr'>Ordinis</span> <span class='ocrx_word' id='word_1_35' title='bbox 422 205 467 226; x_wconf 81' lang='lat' dir='ltr'>fieri,</span> <span class='ocrx_word' id='word_1_36' title='bbox 482 205 512 223; x_wconf 90' lang='lat' dir='ltr'>ius</span> <span class='ocrx_word' id='word_1_37' title='bbox 526 209 560 223; x_wconf 78' lang='lat' dir='ltr'>est.</span> 
     </span>
    </p>

    <p class='ocr_par' dir='ltr' id='par_1_4' title="bbox 55 235 725 449">
     <span class='ocr_line' id='line_1_7' title="bbox 94 235 724 261; baseline -0.003 -6"><span class='ocrx_word' id='word_1_38' title='bbox 94 236 233 261; x_wconf 78' lang='lat' dir='ltr'><strong>Quaecumque</strong></span> <span class='ocrx_word' id='word_1_39' title='bbox 242 237 278 255; x_wconf 82' lang='lat' dir='ltr'>hoc</span> <span class='ocrx_word' id='word_1_40' title='bbox 288 237 342 255; x_wconf 88' lang='lat' dir='ltr'>Motu</span> <span class='ocrx_word' id='word_1_41' title='bbox 353 236 431 260; x_wconf 79' lang='lat' dir='ltr'>Proprie</span> <span class='ocrx_word' id='word_1_42' title='bbox 441 240 511 254; x_wconf 85' lang='lat' dir='ltr'>statuta</span> <span class='ocrx_word' id='word_1_43' title='bbox 521 240 569 257; x_wconf 78' lang='lat' dir='ltr'>sunt,</span> <span class='ocrx_word' id='word_1_44' title='bbox 581 235 631 254; x_wconf 90' lang='lat' dir='ltr'>nullo</span> <span class='ocrx_word' id='word_1_45' title='bbox 641 241 724 259; x_wconf 80' lang='lat' dir='ltr'>unquam</span> 
     </span>
     <span class='ocr_line' id='line_1_8' title="bbox 55 266 725 292; baseline -0.003 -6"><span class='ocrx_word' id='word_1_46' title='bbox 55 272 141 292; x_wconf 83' lang='lat' dir='ltr'>tempore</span> <span class='ocrx_word' id='word_1_47' title='bbox 151 268 175 287; x_wconf 87' lang='lat' dir='ltr'>de</span> <span class='ocrx_word' id='word_1_48' title='bbox 185 268 313 292; x_wconf 78' lang='lat' dir='ltr'>subreptionis</span> <span class='ocrx_word' id='word_1_49' title='bbox 327 272 360 287; x_wconf 90' lang='lat' dir='ltr'>aut</span> <span class='ocrx_word' id='word_1_50' title='bbox 374 267 497 292; x_wconf 80' lang='lat' dir='ltr'>obreptionis.</span> <span class='ocrx_word' id='word_1_51' title='bbox 508 268 547 286; x_wconf 83' lang='lat' dir='ltr'>sive</span> <span class='ocrx_word' id='word_1_52' title='bbox 561 266 672 285; x_wconf 85' lang='lat' dir='ltr'>intentionis</span> <span class='ocrx_word' id='word_1_53' title='bbox 687 266 725 284; x_wconf 84' lang='lat' dir='ltr'>No-</span> 
     </span>
     <span class='ocr_line' id='line_1_9' title="bbox 55 298 724 323; baseline -0.003 -6"><span class='ocrx_word' id='word_1_54' title='bbox 55 303 104 317; x_wconf 79' lang='lat' dir='ltr'>strae</span> <span class='ocrx_word' id='word_1_55' title='bbox 119 299 171 321; x_wconf 82' lang='lat' dir='ltr'>vitio,</span> <span class='ocrx_word' id='word_1_56' title='bbox 186 299 247 318; x_wconf 85' lang='lat' dir='ltr'>aliove</span> <span class='ocrx_word' id='word_1_57' title='bbox 257 299 325 323; x_wconf 85' lang='lat' dir='ltr'>quovis</span> <span class='ocrx_word' id='word_1_58' title='bbox 334 299 408 318; x_wconf 80' lang='lat' dir='ltr'>defectu</span> <span class='ocrx_word' id='word_1_59' title='bbox 419 299 480 317; x_wconf 82' lang='lat' dir='ltr'>notari</span> <span class='ocrx_word' id='word_1_60' title='bbox 494 298 524 316; x_wconf 85' lang='lat' dir='ltr'>vel</span> <span class='ocrx_word' id='word_1_61' title='bbox 538 298 645 322; x_wconf 83' lang='lat' dir='ltr'>impugnari</span> <span class='ocrx_word' id='word_1_62' title='bbox 661 303 724 321; x_wconf 64' lang='lat' dir='ltr'>posse,</span> 
     </span>
     <span class='ocr_line' id='line_1_10' title="bbox 55 329 725 355; baseline -0.003 -6"><span class='ocrx_word' id='word_1_63' title='bbox 55 331 86 349; x_wconf 78' lang='lat' dir='ltr'>sed</span> <span class='ocrx_word' id='word_1_64' title='bbox 101 337 178 355; x_wconf 80' lang='lat' dir='ltr'>semper</span> <span class='ocrx_word' id='word_1_65' title='bbox 192 331 216 349; x_wconf 83' lang='lat' dir='ltr'>ab</span> <span class='ocrx_word' id='word_1_66' title='bbox 231 331 324 352; x_wconf 76' lang='lat' dir='ltr'>omnibus,</span> <span class='ocrx_word' id='word_1_67' title='bbox 335 331 359 350; x_wconf 81' lang='lat' dir='ltr'>ad</span> <span class='ocrx_word' id='word_1_68' title='bbox 373 337 422 355; x_wconf 90' lang='lat' dir='ltr'>quos</span> <span class='ocrx_word' id='word_1_69' title='bbox 434 331 535 355; x_wconf 82' lang='lat' dir='ltr'>pertinent,</span> <span class='ocrx_word' id='word_1_70' title='bbox 545 329 678 348; x_wconf 83' lang='lat' dir='ltr'>inviolabiliter</span> <span class='ocrx_word' id='word_1_71' title='bbox 692 329 725 347; x_wconf 84' lang='lat' dir='ltr'>ob-</span> 
     </span>
     <span class='ocr_line' id='line_1_11' title="bbox 56 360 725 384; baseline -0.003 -4"><span class='ocrx_word' id='word_1_72' title='bbox 56 362 126 380; x_wconf 79' lang='lat' dir='ltr'>servari</span> <span class='ocrx_word' id='word_1_73' title='bbox 140 362 217 383; x_wconf 73' lang='lat' dir='ltr'>debere,</span> <span class='ocrx_word' id='word_1_74' title='bbox 232 362 362 383; x_wconf 83' lang='lat' dir='ltr'>decernimus;</span> <span class='ocrx_word' id='word_1_75' title='bbox 380 362 478 381; x_wconf 69' lang='lat' dir='ltr'>contr-asiis</span> <span class='ocrx_word' id='word_1_76' title='bbox 493 367 531 380; x_wconf 88' lang='lat' dir='ltr'>non</span> <span class='ocrx_word' id='word_1_77' title='bbox 545 360 665 379; x_wconf 81' lang='lat' dir='ltr'>obstantibus</span> <span class='ocrx_word' id='word_1_78' title='bbox 685 360 725 384; x_wconf 88' lang='lat' dir='ltr'>qui-</span> 
     </span>
     <span class='ocr_line' id='line_1_12' title="bbox 55 391 725 417; baseline -0.001 -6"><span class='ocrx_word' id='word_1_79' title='bbox 55 393 178 417; x_wconf 79' lang='lat' dir='ltr'>buscumque.</span> <span class='ocrx_word' id='word_1_80' title='bbox 193 393 251 411; x_wconf 83' lang='lat' dir='ltr'>etiam</span> <span class='ocrx_word' id='word_1_81' title='bbox 265 393 342 417; x_wconf 77' lang='lat' dir='ltr'>speciali</span> <span class='ocrx_word' id='word_1_82' title='bbox 358 393 454 411; x_wconf 85' lang='lat' dir='ltr'>mentione</span> <span class='ocrx_word' id='word_1_83' title='bbox 471 393 543 417; x_wconf 84' lang='lat' dir='ltr'>dignis,</span> <span class='ocrx_word' id='word_1_84' title='bbox 558 392 628 416; x_wconf 84' lang='lat' dir='ltr'>quibus</span> <span class='ocrx_word' id='word_1_85' title='bbox 646 398 670 410; x_wconf 82' lang='lat' dir='ltr'>ex</span> <span class='ocrx_word' id='word_1_86' title='bbox 687 391 725 415; x_wconf 85' lang='lat' dir='ltr'>ple-</span> 
     </span>
     <span class='ocr_line' id='line_1_13' title="bbox 55 423 692 449; baseline -0.002 -7"><span class='ocrx_word' id='word_1_87' title='bbox 55 424 140 442; x_wconf 88' lang='lat' dir='ltr'>nitudine</span> <span class='ocrx_word' id='word_1_88' title='bbox 155 425 255 448; x_wconf 82' lang='lat' dir='ltr'>potestatis</span> <span class='ocrx_word' id='word_1_89' title='bbox 269 424 332 449; x_wconf 87' lang='lat' dir='ltr'>quoad</span> <span class='ocrx_word' id='word_1_90' title='bbox 347 424 451 448; x_wconf 87' lang='lat' dir='ltr'>praemissa</span> <span class='ocrx_word' id='word_1_91' title='bbox 465 430 556 448; x_wconf 78' lang='lat' dir='ltr'>expresse</span> <span class='ocrx_word' id='word_1_92' title='bbox 570 423 692 448; x_wconf 83' lang='lat' dir='ltr'>derogamus.</span> 
     </span>
    </p>

    <p class='ocr_par' dir='ltr' id='par_1_5' title="bbox 54 454 724 511">
     <span class='ocr_line' id='line_1_14' title="bbox 92 454 724 480; baseline -0.003 -6"><span class='ocrx_word' id='word_1_93' title='bbox 92 455 165 474; x_wconf 81' lang='lat' dir='ltr'>Datum</span> <span class='ocrx_word' id='word_1_94' title='bbox 186 456 260 474; x_wconf 85' lang='lat' dir='ltr'>Romae</span> <span class='ocrx_word' id='word_1_95' title='bbox 280 455 331 480; x_wconf 88' lang='lat' dir='ltr'>apud</span> <span class='ocrx_word' id='word_1_96' title='bbox 355 455 373 474; x_wconf 84' lang='lat' dir='ltr'>S.</span> <span class='ocrx_word' id='word_1_97' title='bbox 392 456 478 476; x_wconf 74' lang='lat' dir='ltr'>Petrum,</span> <span class='ocrx_word' id='word_1_98' title='bbox 497 455 528 473; x_wconf 90' lang='lat' dir='ltr'>die</span> <span class='ocrx_word' id='word_1_99' title='bbox 548 461 587 473; x_wconf 84' lang='lat' dir='ltr'>xvn</span> <span class='ocrx_word' id='word_1_100' title='bbox 606 454 724 478; x_wconf 82' lang='lat' dir='ltr'>Septembris</span> 
     </span>
     <span class='ocr_line' id='line_1_15' title="bbox 54 487 498 511; baseline 0 -6"><span class='ocrx_word' id='word_1_101' title='bbox 54 493 103 505; x_wconf 81' lang='lat' dir='ltr'>anno</span> <span class='ocrx_word' id='word_1_102' title='bbox 119 493 194 508; x_wconf 67' lang='lat' dir='ltr'>ucuvu,</span> <span class='ocrx_word' id='word_1_103' title='bbox 210 487 332 505; x_wconf 82' lang='lat' dir='ltr'>Pontificatus</span> <span class='ocrx_word' id='word_1_104' title='bbox 347 487 411 505; x_wconf 88' lang='lat' dir='ltr'>Nostri</span> <span class='ocrx_word' id='word_1_105' title='bbox 426 487 498 511; x_wconf 84' lang='lat' dir='ltr'>quinto.</span> 
     </span>
    </p>
   </div>
   <div class='ocr_carea' id='block_1_4' title="bbox 257 531 496 599">
    <p class='ocr_par' dir='ltr' id='par_1_6' title="bbox 257 531 496 599">
     <span class='ocr_line' id='line_1_16' title="bbox 319 531 458 550; baseline -0.007 0"><span class='ocrx_word' id='word_1_106' title='bbox 319 531 375 550; x_wconf 84' lang='lat' dir='ltr'>PIUS</span> <span class='ocrx_word' id='word_1_107' title='bbox 390 531 423 549; x_wconf 85' lang='lat' dir='ltr'>PP.</span> <span class='ocrx_word' id='word_1_108' title='bbox 440 531 458 549; x_wconf 90' lang='lat' dir='ltr'><strong>X</strong></span> 
     </span>
     <span class='ocr_line' id='line_1_17' title="bbox 257 581 496 599; baseline -0.013 -5"><span class='ocrx_word' id='word_1_109' title='bbox 257 589 259 594; x_wconf 69' lang='lat' dir='ltr'>v</span> <span class='ocrx_word' id='word_1_110' title='bbox 284 581 496 599; x_wconf 40' lang='grc' dir='ltr'>-ἳρΰψ-ψ-</span> 
     </span>
    </p>
   </div>
   <div class='ocr_carea' id='block_1_5' title="bbox 199 624 580 677">
    <p class='ocr_par' dir='ltr' id='par_1_7' title="bbox 199 624 580 677">
     <span class='ocr_line' id='line_1_18' title="bbox 199 624 580 677; baseline 0 -1"><span class='ocrx_word' id='word_1_111' title='bbox 199 648 237 677; x_wconf 77' lang='lat' dir='ltr'>Ex</span> <span class='ocrx_word' id='word_1_112' title='bbox 253 647 434 677; x_wconf 80' lang='lat' dir='ltr'>SECRETARIA</span> <span class='ocrx_word' id='word_1_113' title='bbox 452 624 580 676; x_wconf 57' lang='lat' dir='ltr'>BREVIUM</span> 
     </span>
    </p>
   </div>
   <div class='ocr_carea' id='block_1_6' title="bbox 322 692 455 705">
    <p class='ocr_par' dir='ltr' id='par_1_8' title="bbox 322 692 455 705">
     <span class='ocr_line' id='line_1_19' title="bbox 322 692 455 705; baseline 0 -5"><span class='ocrx_word' id='word_1_114' title='bbox 322 692 455 705; x_wconf 62' lang='lat'><strong>—;÷-.,</strong></span> 
     </span>
    </p>
   </div>
   <div class='ocr_carea' id='block_1_7' title="bbox 54 732 722 780">
    <p class='ocr_par' dir='ltr' id='par_1_9' title="bbox 54 732 722 780">
     <span class='ocr_line' id='line_1_20' title="bbox 54 732 722 753; baseline -0.001 -4"><span class='ocrx_word' id='word_1_115' title='bbox 54 732 144 749; x_wconf 76' lang='lat' dir='ltr'>Pontifex</span> <span class='ocrx_word' id='word_1_116' title='bbox 155 733 222 750; x_wconf 72' lang='lat' dir='ltr'>laudat</span> <span class='ocrx_word' id='word_1_117' title='bbox 230 732 337 753; x_wconf 75' lang='lat' dir='ltr'>Collegium</span> <span class='ocrx_word' id='word_1_118' title='bbox 346 733 483 749; x_wconf 71' lang='lat' dir='ltr'>Americanum</span> <span class='ocrx_word' id='word_1_119' title='bbox 492 732 572 749; x_wconf 79' lang='lat' dir='ltr'>Lovanii</span> <span class='ocrx_word' id='word_1_120' title='bbox 584 732 604 748; x_wconf 82' lang='lat' dir='ltr'>in</span> <span class='ocrx_word' id='word_1_121' title='bbox 615 732 682 752; x_wconf 64' lang='lat' dir='ltr'>Belgio</span> <span class='ocrx_word' id='word_1_122' title='bbox 693 736 722 748; x_wconf 86' lang='lat' dir='ltr'>oc·</span> 
     </span>
     <span class='ocr_line' id='line_1_21' title="bbox 96 759 555 780; baseline -0.002 -4"><span class='ocrx_word' id='word_1_123' title='bbox 96 760 179 776; x_wconf 66' lang='lat' dir='ltr'>cesione</span> <span class='ocrx_word' id='word_1_124' title='bbox 190 759 345 780; x_wconf 73' lang='lat' dir='ltr'>quinquagesimi</span> <span class='ocrx_word' id='word_1_125' title='bbox 357 759 404 776; x_wconf 75' lang='lat' dir='ltr'>anni</span> <span class='ocrx_word' id='word_1_126' title='bbox 416 760 441 775; x_wconf 77' lang='lat' dir='ltr'>ab</span> <span class='ocrx_word' id='word_1_127' title='bbox 453 759 555 775; x_wconf 78' lang='lat' dir='ltr'>erectione.</span> 
     </span>
    </p>
   </div>
   <div class='ocr_carea' id='block_1_8' title="bbox 241 804 534 859">
    <p class='ocr_par' dir='ltr' id='par_1_10' title="bbox 241 804 534 859">
     <span class='ocr_line' id='line_1_22' title="bbox 321 804 460 822; baseline 0 0"><span class='ocrx_word' id='word_1_128' title='bbox 321 804 376 822; x_wconf 84' lang='lat' dir='ltr'><strong>PIUS</strong></span> <span class='ocrx_word' id='word_1_129' title='bbox 391 804 425 822; x_wconf 72' lang='lat' dir='ltr'>PR</span> <span class='ocrx_word' id='word_1_130' title='bbox 441 804 460 822; x_wconf 92' lang='lat' dir='ltr'><strong>X</strong></span> 
     </span>
     <span class='ocr_line' id='line_1_23' title="bbox 241 845 534 859; baseline 0 -1"><span class='ocrx_word' id='word_1_131' title='bbox 241 846 266 859; x_wconf 80' lang='grc' dir='ltr'>Αυ</span> <span class='ocrx_word' id='word_1_132' title='bbox 281 846 371 859; x_wconf 56' lang='lat' dir='ltr'>rua-unam</span> <span class='ocrx_word' id='word_1_133' title='bbox 386 846 416 858; x_wconf 67' lang='lat' dir='ltr'>xm</span> <span class='ocrx_word' id='word_1_134' title='bbox 432 845 534 858; x_wconf 69' lang='grc' dir='ltr'><strong>ΜΕΜοκῐΑΜ</strong></span> 
     </span>
    </p>
   </div>
   <div class='ocr_carea' id='block_1_9' title="bbox 53 893 723 1169">
    <p class='ocr_par' dir='ltr' id='par_1_11' title="bbox 53 893 723 1169">
     <span class='ocr_line' id='line_1_24' title="bbox 91 893 723 918; baseline -0.002 -5"><span class='ocrx_word' id='word_1_135' title='bbox 91 895 112 913; x_wconf 83' lang='lat' dir='ltr'>ln</span> <span class='ocrx_word' id='word_1_136' title='bbox 128 894 163 913; x_wconf 85' lang='lat' dir='ltr'>hac</span> <span class='ocrx_word' id='word_1_137' title='bbox 179 894 232 912; x_wconf 81' lang='lat' dir='ltr'>Beati</span> <span class='ocrx_word' id='word_1_138' title='bbox 247 894 296 912; x_wconf 88' lang='lat' dir='ltr'>Petri</span> <span class='ocrx_word' id='word_1_139' title='bbox 307 894 398 918; x_wconf 81' lang='lat' dir='ltr'>Principis</span> <span class='ocrx_word' id='word_1_140' title='bbox 408 893 544 918; x_wconf 78' lang='lat' dir='ltr'>Apostolorum</span> <span class='ocrx_word' id='word_1_141' title='bbox 555 894 656 915; x_wconf 83' lang='lat' dir='ltr'>Cathedra,</span> <span class='ocrx_word' id='word_1_142' title='bbox 668 893 723 912; x_wconf 87' lang='lat' dir='ltr'>nullis</span> 
     </span>
     <span class='ocr_line' id='line_1_25' title="bbox 53 924 721 949; baseline 0 -6"><span class='ocrx_word' id='word_1_143' title='bbox 53 925 129 949; x_wconf 82' lang='lat' dir='ltr'>quidem</span> <span class='ocrx_word' id='word_1_144' title='bbox 144 925 215 944; x_wconf 79' lang='lat' dir='ltr'>meritis</span> <span class='ocrx_word' id='word_1_145' title='bbox 225 925 306 946; x_wconf 75' lang='lat' dir='ltr'>Nostris.</span> <span class='ocrx_word' id='word_1_146' title='bbox 317 925 407 943; x_wconf 86' lang='lat' dir='ltr'>divinitus</span> <span class='ocrx_word' id='word_1_147' title='bbox 417 924 509 945; x_wconf 84' lang='lat' dir='ltr'>collocati,</span> <span class='ocrx_word' id='word_1_148' title='bbox 520 925 544 943; x_wconf 84' lang='lat' dir='ltr'>ad</span> <span class='ocrx_word' id='word_1_149' title='bbox 559 925 590 949; x_wconf 87' lang='lat' dir='ltr'>pia</span> <span class='ocrx_word' id='word_1_150' title='bbox 602 925 721 949; x_wconf 86' lang='lat' dir='ltr'>potissimum</span> 
     </span>
     <span class='ocr_line' id='line_1_26' title="bbox 54 956 723 981; baseline 0 -7"><span class='ocrx_word' id='word_1_151' title='bbox 54 956 147 977; x_wconf 79' lang='lat' dir='ltr'>instituta,</span> <span class='ocrx_word' id='word_1_152' title='bbox 163 957 181 975; x_wconf 87' lang='lat' dir='ltr'>in</span> <span class='ocrx_word' id='word_1_153' title='bbox 199 956 267 981; x_wconf 90' lang='lat' dir='ltr'>quibus</span> <span class='ocrx_word' id='word_1_154' title='bbox 285 956 416 975; x_wconf 79' lang='lat' dir='ltr'>adolescentes</span> <span class='ocrx_word' id='word_1_155' title='bbox 430 957 449 974; x_wconf 92' lang='lat' dir='ltr'>in</span> <span class='ocrx_word' id='word_1_156' title='bbox 464 956 561 974; x_wconf 78' lang='lat' dir='ltr'>Ecclesiae</span> <span class='ocrx_word' id='word_1_157' title='bbox 579 962 632 981; x_wconf 87' lang='lat' dir='ltr'>spem</span> <span class='ocrx_word' id='word_1_158' title='bbox 649 962 723 974; x_wconf 55' lang='lat' dir='ltr'>succr&amp;</span> 
     </span>
     <span class='ocr_line' id='line_1_27' title="bbox 54 987 722 1012; baseline 0 -6"><span class='ocrx_word' id='word_1_159' title='bbox 54 992 136 1009; x_wconf 85' lang='lat' dir='ltr'>scentes,</span> <span class='ocrx_word' id='word_1_160' title='bbox 152 988 260 1006; x_wconf 83' lang='lat' dir='ltr'>liberalibus</span> <span class='ocrx_word' id='word_1_161' title='bbox 274 987 378 1012; x_wconf 84' lang='lat' dir='ltr'>disciplinis</span> <span class='ocrx_word' id='word_1_162' title='bbox 392 987 447 1006; x_wconf 88' lang='lat' dir='ltr'>simul</span> <span class='ocrx_word' id='word_1_163' title='bbox 462 994 484 1006; x_wconf 86' lang='lat' dir='ltr'>ac</span> <span class='ocrx_word' id='word_1_164' title='bbox 498 987 588 1012; x_wconf 75' lang='lat' dir='ltr'>religiosa</span> <span class='ocrx_word' id='word_1_165' title='bbox 603 988 674 1012; x_wconf 81' lang='lat' dir='ltr'>pietate</span> <span class='ocrx_word' id='word_1_166' title='bbox 689 988 722 1006; x_wconf 87' lang='lat' dir='ltr'>im-</span> 
     </span>
     <span class='ocr_line' id='line_1_28' title="bbox 54 1019 722 1044; baseline 0 -7"><span class='ocrx_word' id='word_1_167' title='bbox 54 1019 140 1040; x_wconf 83' lang='lat' dir='ltr'>buuntur,</span> <span class='ocrx_word' id='word_1_168' title='bbox 155 1023 236 1043; x_wconf 81' lang='lat' dir='ltr'>paterno</span> <span class='ocrx_word' id='word_1_169' title='bbox 250 1025 272 1037; x_wconf 85' lang='lat' dir='ltr'>ac</span> <span class='ocrx_word' id='word_1_170' title='bbox 282 1019 333 1044; x_wconf 86' lang='lat' dir='ltr'>vigili</span> <span class='ocrx_word' id='word_1_171' title='bbox 349 1019 412 1038; x_wconf 84' lang='lat' dir='ltr'>studio</span> <span class='ocrx_word' id='word_1_172' title='bbox 422 1019 487 1038; x_wconf 83' lang='lat' dir='ltr'>oculos</span> <span class='ocrx_word' id='word_1_173' title='bbox 502 1020 571 1038; x_wconf 75' lang='lat' dir='ltr'>mentis</span> <span class='ocrx_word' id='word_1_174' title='bbox 585 1019 666 1038; x_wconf 85' lang='lat' dir='ltr'>Nostrae</span> <span class='ocrx_word' id='word_1_175' title='bbox 679 1025 722 1037; x_wconf 84' lang='lat' dir='ltr'>con-</span> 
     </span>
     <span class='ocr_line' id='line_1_29' title="bbox 54 1050 722 1075; baseline 0 -7"><span class='ocrx_word' id='word_1_176' title='bbox 54 1050 151 1071; x_wconf 82' lang='lat' dir='ltr'>vertimus:</span> <span class='ocrx_word' id='word_1_177' title='bbox 166 1054 186 1069; x_wconf 87' lang='lat' dir='ltr'>et</span> <span class='ocrx_word' id='word_1_178' title='bbox 199 1056 249 1074; x_wconf 85' lang='lat' dir='ltr'>quae</span> <span class='ocrx_word' id='word_1_179' title='bbox 263 1050 344 1069; x_wconf 82' lang='lat' dir='ltr'>caeteris</span> <span class='ocrx_word' id='word_1_180' title='bbox 359 1055 455 1075; x_wconf 76' lang='lat' dir='ltr'>praestare</span> <span class='ocrx_word' id='word_1_181' title='bbox 470 1057 576 1071; x_wconf 75' lang='lat' dir='ltr'>noscamuS.</span> <span class='ocrx_word' id='word_1_182' title='bbox 588 1055 626 1069; x_wconf 84' lang='lat' dir='ltr'>tum</span> <span class='ocrx_word' id='word_1_183' title='bbox 638 1050 722 1069; x_wconf 86' lang='lat' dir='ltr'>alumno-</span> 
     </span>
     <span class='ocr_line' id='line_1_30' title="bbox 54 1081 721 1107; baseline 0 -7"><span class='ocrx_word' id='word_1_184' title='bbox 54 1087 91 1099; x_wconf 88' lang='lat' dir='ltr'>rum</span> <span class='ocrx_word' id='word_1_185' title='bbox 106 1081 212 1106; x_wconf 79' lang='lat' dir='ltr'>frequentia</span> <span class='ocrx_word' id='word_1_186' title='bbox 226 1088 248 1100; x_wconf 83' lang='lat' dir='ltr'>ac</span> <span class='ocrx_word' id='word_1_187' title='bbox 262 1081 371 1107; x_wconf 77' lang='lat' dir='ltr'>diligentia,</span> <span class='ocrx_word' id='word_1_188' title='bbox 386 1088 429 1100; x_wconf 87' lang='lat' dir='ltr'>cum</span> <span class='ocrx_word' id='word_1_189' title='bbox 443 1082 520 1100; x_wconf 79' lang='lat' dir='ltr'>assidua</span> <span class='ocrx_word' id='word_1_190' title='bbox 535 1082 628 1100; x_wconf 89' lang='lat' dir='ltr'>bonorum</span> <span class='ocrx_word' id='word_1_191' title='bbox 642 1088 721 1106; x_wconf 84' lang='lat' dir='ltr'>operum</span> 
     </span>
     <span class='ocr_line' id='line_1_31' title="bbox 54 1112 721 1137; baseline 0.001 -7"><span class='ocrx_word' id='word_1_192' title='bbox 54 1113 199 1133; x_wconf 75' lang='lat' dir='ltr'>exercitatione,</span> <span class='ocrx_word' id='word_1_193' title='bbox 221 1119 244 1131; x_wconf 83' lang='lat' dir='ltr'>ea</span> <span class='ocrx_word' id='word_1_194' title='bbox 262 1112 327 1131; x_wconf 83' lang='lat' dir='ltr'>debito</span> <span class='ocrx_word' id='word_1_195' title='bbox 345 1113 422 1131; x_wconf 88' lang='lat' dir='ltr'>laudum</span> <span class='ocrx_word' id='word_1_196' title='bbox 443 1113 546 1137; x_wconf 84' lang='lat' dir='ltr'>praeconio</span> <span class='ocrx_word' id='word_1_197' title='bbox 565 1113 630 1131; x_wconf 86' lang='lat' dir='ltr'>libenti</span> <span class='ocrx_word' id='word_1_198' title='bbox 644 1113 721 1137; x_wconf 85' lang='lat' dir='ltr'>quidem</span> 
     </span>
     <span class='ocr_line' id='line_1_32' title="bbox 54 1144 721 1169; baseline 0 -7"><span class='ocrx_word' id='word_1_199' title='bbox 54 1148 145 1168; x_wconf 72' lang='lat' dir='ltr'>gratoque</span> <span class='ocrx_word' id='word_1_200' title='bbox 160 1144 223 1162; x_wconf 87' lang='lat' dir='ltr'>animo</span> <span class='ocrx_word' id='word_1_201' title='bbox 238 1144 326 1169; x_wconf 84' lang='lat' dir='ltr'>prosequi</span> <span class='ocrx_word' id='word_1_202' title='bbox 341 1145 452 1169; x_wconf 79' lang='lat' dir='ltr'>satagimus.</span> <span class='ocrx_word' id='word_1_203' title='bbox 467 1145 565 1169; x_wconf 83' lang='lat' dir='ltr'>Frugifera</span> <span class='ocrx_word' id='word_1_204' title='bbox 576 1145 623 1163; x_wconf 84' lang='lat' dir='ltr'>haec</span> <span class='ocrx_word' id='word_1_205' title='bbox 638 1145 685 1163; x_wconf 82' lang='lat' dir='ltr'>inter</span> <span class='ocrx_word' id='word_1_206' title='bbox 695 1145 721 1163; x_wconf 84' lang='lat' dir='ltr'>in-</span> 
     </span>
    </p>
   </div>
  </div>
 </body>
</html>
