921 1304
184 52 213 66 2⁰6
434 52 459 66 Ex
470 52 553 66 Sur-amrin
564 52 612 66 Status

182 106 282 125 celebratis
291 110 355 125 tamen
370 106 432 125 missis
446 110 466 125 et
475 107 554 125 caeteris
564 106 656 130 pesolutis
665 106 764 131 suffragiis,
776 106 792 125 si
802 112 851 131 quae

183 138 281 162 praefinita
295 138 368 156 suerint.

225 174 241 192 7.
257 168 334 187 Nullum
352 169 486 188 documentum
502 172 590 193 peractae
608 168 753 193 compositionis
770 168 851 192 cuipiam

183 200 278 221 tradatur;
293 200 344 224 quod
359 200 373 218 si
393 199 438 218 illud
452 200 530 218 omnino
549 200 643 224 exigatur,
658 199 765 224 Episcopus
783 199 806 218 iis
819 199 851 223 qui

184 237 205 250 se
223 235 380 255 composuerunt,
399 231 469 256 poterit
488 231 506 249 in
524 231 599 255 scriptis
612 231 632 249 id
647 235 720 249 tantum
743 230 850 249 declarare:

183 269 210 281 eos
224 263 277 281 omni
288 262 400 287 obligationi!
413 262 533 280 conscientiae
546 268 592 286 erga
606 262 709 280 Ecclesiam
724 262 795 280 ratium
802 261 852 285 fun-

183 294 250 312 dorum
263 296 301 314 etc„
316 296 407 317 exemptox
420 296 438 312 ct
450 293 519 311 solutos
532 300 574 311 essa.
784 288 791 294 '

224 325 241 343 8.
256 324 288 343 Ad
303 324 461 349 compositionem
474 324 586 343 Ordinarius
600 324 701 344 admittere
715 324 785 349 poterit
794 325 850 343 etiam

184 355 249 374 fideles
266 356 298 380 qui
315 356 368 374 iuxta
382 355 436 380 leges
454 355 519 374 civiles
538 362 572 380 per
590 355 685 374 actionem
702 356 852 380 recuperationis

184 386 253 409 (action
266 393 288 405 en
302 386 379 411 rcpn'ss,
393 393 416 405 en
433 386 576 407 revendication,
590 387 693 405 re'vocation
710 393 733 405 ou
747 393 772 405 en
784 387 851 405 risolu-

183 418 232 442 titm)
246 417 264 436 in
275 417 375 436 utilitatem
389 418 486 442 propriam
495 418 615 437 vindicarunt
629 418 679 437 bona
693 418 733 437 sive
748 418 852 437 immobilia

183 449 223 467 sive
237 449 319 470 mobilia,
334 449 432 468 Ecclesiae
446 449 518 468 donata
532 455 567 473 pro
581 449 650 474 legatis
664 449 700 474 piis
718 449 850 474 adimplendis,

183 480 258 504 quoties
274 480 369 499 vindicata
387 480 438 499 bona
457 487 481 499 ex
495 481 571 505 integro
590 480 688 499 Ecclesiae
702 481 801 499 restituere
822 487 852 499 ne·

183 516 259 536 queant.

508 561 529 579 11.

224 611 241 627 9.
256 605 383 625 Absalvendi,
401 604 513 629 Apostolica
529 605 652 626 auctoritate,
667 605 707 623 sive
725 611 759 629 per
776 611 797 623 se
812 605 852 623 sive

184 642 218 660 per
232 635 288 654 aliam
302 635 391 654 idoneam
405 635 552 654 ecclesiasticam
566 642 675 660 personam,
690 635 715 659 ad
729 635 765 654 hoc
783 635 802 654 in
816 636 852 654 sin·

184 666 234 692 gulis
248 667 323 685 casibus
340 667 509 692 subdelegandam,
525 671 611 685 oratores
630 667 648 685 in
666 667 776 691 praemissis
790 667 852 691 culpa-

184 698 237 718 biles.
248 702 350 722 postquam
364 702 385 716 ut
394 704 452 722 supra
466 704 486 716 se
496 698 644 722 composuerint,
656 705 667 716 a
681 698 766 717 censuris
780 701 799 716 et
808 704 852 722 poe-

185 730 213 749 nis
227 729 360 748 ecclesiasticis
374 730 392 747 in
406 735 454 754 quas
468 733 569 754 propterea
582 729 726 754 quomodolibet
745 729 850 751 inciderint,

184 767 227 779 cum
246 767 331 785 congrua
350 761 469 785 poenitentia
486 760 563 779 salutari
582 765 601 779 et
620 761 740 785 reparatione
757 760 851 782 scandali,

184 792 256 811 meliori
270 798 307 816 quo
324 792 364 811 fieri
379 792 448 816 poterit
463 792 525 813 modo,
541 791 629 816 prudenti
643 791 713 810 iudicio
728 791 849 810 absolventis.

227 829 254 841 10.
271 823 309 846 Qui
324 823 348 841 ob
363 827 494 847 paupertatem
512 823 670 847 compositionem
685 823 732 841 inire
749 826 850 846 nequeunt.

184 854 256 872 absolvi
270 858 360 878 poterunt
374 860 416 872 cum
433 854 551 878 obligatione
570 858 590 872 ut
604 854 619 872 si
638 854 662 872 ad
677 853 774 872 meliorem
789 853 852 872 condi-

183 885 255 904 tionem
269 885 386 906 devenerint,
402 885 500 904 Ecclesiae
514 885 635 906 satisfaciant,
648 891 670 903 ac
685 885 759 903 interim
774 885 852 903 scandit<

184 916 222 934 lum
232 921 348 935 removeant,

224 948 271 966 Item
280 948 313 972 qui
323 948 387 966 statim
398 952 494 972 nequeunt
503 951 593 966 statutam
603 948 761 972 compositionem
771 947 850 968 solv'ere,

183 980 199 998 si
213 979 351 1004 obligationem
361 980 448 998 emittant
462 979 486 998 de
500 986 524 998 ea
534 983 643 1004 opportuno
652 983 738 1003 tempore
748 978 850 999 solvenda:

184 1015 258 1029 remoto
272 1011 347 1029 interim
361 1010 456 1029 scandalo.

227 1047 255 1061 11.
270 1042 383 1060 Ordinarius
398 1046 475 1061 moneat
489 1042 615 1060 confessarios
629 1045 649 1060 ut
663 1041 678 1060 si
693 1041 717 1059 ad
731 1041 852 1065 poenitentes

184 1072 202 1091 in
217 1072 300 1097 periculo
315 1073 381 1091 mortis
395 1073 508 1091 constitutos
518 1077 537 1091 et
551 1073 570 1091 in
584 1072 693 1097 praemissis
707 1071 812 1096 culpabiles
820 1078 852 1090 vo-

184 1108 256 1125 centur,
271 1104 374 1128 prudenter
387 1104 546 1128 compositionem
561 1108 652 1129 urgeant;
667 1103 718 1128 quod
733 1103 748 1122 si
763 1103 810 1122 haec
820 1103 852 1121 ob-

185 1135 239 1153 tineri
257 1139 339 1159 nequeat
354 1135 384 1154 vel
401 1135 446 1159 quia
463 1139 539 1159 tempus
556 1141 593 1154 non
611 1135 695 1159 suppetit
712 1134 743 1153 vel
762 1135 787 1153 ob
805 1134 852 1153 alias
