921 1304
357 72 428 85 Allocuss'o
707 75 718 85 *2
722 76 725 85 1

60 132 102 144 eam
121 125 272 144 benedictionem
290 125 324 144 tibi
338 126 447 150 populoque
468 130 501 144 tuo
520 130 641 150 peramanter
657 125 675 143 in
690 125 729 144 Do„

60 157 112 175 mino
127 157 251 181 impertimus.

100 188 172 207 Datum
187 189 260 207 Romae
274 188 324 212 apud
338 188 357 207 S.
369 189 450 209 Petrum,
460 188 491 207 die
501 195 538 207 xxv
548 188 595 207 Iunii
605 195 622 208 a.
633 194 727 209 MDCCCCV,

60 219 183 238 Pontificatus
196 220 261 238 Nostri
276 219 366 238 seeundo.

329 268 384 286 PIUS
398 268 432 286 PP.
443 268 462 287 X

262 316 447 330 —xzoff—r‘*
392 317 396 330 :
409 316 527 330 >j

306 371 482 392 ALLOCUTIO

58 416 124 438 Quum
135 417 180 433 Pius
192 417 211 433 X
223 417 290 434 habuit
301 417 322 433 in
330 416 452 434 Consistorio
461 417 537 434 secreto
549 417 586 434 diei
596 417 617 433 ιδ
626 417 668 434 Dec.
678 421 728 438 1907,

103 443 127 460 de
139 444 227 460 mendaci
239 448 262 460 ac
274 444 365 460 insolenti
377 444 541 461 modernlstarurn
553 444 651 464 superbia.

144 492 262 511 Vemrabiles
275 493 361 513 Fratres,

99 537 207 557 Relicturus
221 538 330 559 Ecclesiam,
346 544 402 562 quam
418 538 511 562 sanguine
521 544 556 556 suo
565 538 695 562 acquisiverat,
707 545 728 557 ac

57 569 172 588 transiturus
185 569 209 587 de
224 569 260 587 hoc
275 569 346 588 mundo
361 569 384 588 ad
399 569 484 590 Patrem,
500 569 586 588 Christus
605 570 694 588 dominus
710 570 728 588 id

56 600 119 621 nobis,
135 606 169 619 nec
183 600 242 619 semel
258 607 292 619 nec
306 601 397 622 obscure,
413 601 563 625 praenuntiavit.
579 601 618 619 sore
633 607 667 619 nos
682 601 730 619 inse-

55 632 173 650 emtionibus
186 631 305 650 inimicorum
321 636 413 656 perpetuo
427 632 549 656 premendos,
568 638 629 656 neque
646 638 728 656 unquam

56 663 74 681 in
91 663 143 681 hisce
157 663 212 681 terris
231 664 322 682 carituros
336 663 427 682 adversis.
449 663 525 682 Scilicet
543 663 578 682 hoc
598 670 679 687 sponsae
698 663 729 681 de-

55 695 139 713 bebatur
152 695 204 719 quod
218 695 294 719 Sponso
315 695 423 719 obtigerat;
444 699 464 713 ut
483 695 580 719 quomodo
595 695 643 713 Huic
657 694 729 712 dictum

56 725 130 744 fuerat:
151 734 160 743 ‹
171 726 274 744 Dominare
289 726 307 744 in
323 726 385 744 medio
406 726 525 744 inimicorum
542 730 617 744 tuorum
627 733 636 743 ›
651 726 686 750 (ι),
702 726 729 744 sic

56 757 88 775 illa
103 763 138 781 per
148 757 220 775 medios
229 757 294 775 hostes
305 758 414 781 mediasque
430 764 504 782 pugnas
518 764 530 776 a
540 758 585 775 mari
600 757 729 775 dominaretur

55 794 119 813 usque
133 789 157 807 ad
172 795 229 809 mare,
245 788 313 809 donee.
324 789 455 813 promissionis
464 793 533 807 terram
546 789 638 813 ingressa,
650 788 728 812 perenni

55 820 193 844 tranquillitate
207 820 285 838 feliciter
299 820 396 844 potiretur.
419 831 444 834 —
466 820 523 843 Quod
541 820 605 844 utique
620 820 677 838 divini
693 819 729 838 Re-

54 852 151 876 paratoris
166 851 268 872 oraculum,
284 856 304 870 ut
318 851 370 870 nullo
385 858 422 870 non
437 856 528 875 tempore,
545 851 571 869 sic
587 851 644 869 modo
654 850 727 875 impleri

54 883 79 901 ad
96 889 180 907 unguem
195 883 287 901 videmus.
309 883 360 901 Alibi
379 883 456 907 quidem
473 883 513 901 acie
528 887 632 907 apertaque
652 882 728 900 dimica-

54 914 116 934 tione,
131 918 172 932 astu
187 907 231 932 alibi
245 914 375 939 abstrusisque
389 914 468 935 insidiis.
481 918 565 933 attamen
581 914 649 938 ubique
664 913 729 932 Eccle—

54 946 105 963 siam
123 946 229 970 oppugnari
245 946 377 970 conspicimus.
394 945 491 969 Quidquid
506 945 554 963 illius
568 950 597 963 est
612 945 678 963 iurium
697 945 729 963 im>

54 977 128 1001 petitur
142 983 163 995 ac
179 976 305 1001 proculcatur:
321 977 375 1001 leges
384 977 414 995 vel
429 977 485 995 abiis
497 976 632 1001 despiciuntur,
647 983 728 1000 quorum

53 1012 109 1027 esset
123 1008 226 1026 earundem
244 1009 290 1026 tueri
308 1009 448 1027 auctoritatem:
471 1009 528 1032 impia
542 1009 614 1026 interea
632 1008 727 1032 impuden-

53 1040 109 1064 tique
124 1039 265 1064 ephemeridum
280 1039 360 1058 colluvie
377 1040 420 1058 fidei
435 1040 525 1058 sanctitas
546 1045 657 1063 morumque
680 1039 728 1057 nitor

53 1071 168 1091 maculatur,
183 1071 297 1089 detrimento
312 1071 418 1090 animorum
434 1071 521 1091 maximo.
538 1077 572 1089 nec
587 1071 654 1089 minori
669 1071 728 1089 civilis

53 1102 204 1120 consociationis
222 1102 293 1120 damno
307 1108 329 1120 ac
344 1102 495 1127 perturbationc;
518 1102 568 1126 quod
584 1102 631 1126 ipsi.
647 1106 668 1120 ut
681 1102 728 1120 alias

95 1170 118 1187 (ι)
129 1170 153 1183 Ρε.
164 1169 199 1186 CIX,
211 1173 224 1183 2.
