921 1304
183 50 201 68 7⁶
387 50 412 64 Ex
423 50 438 64 s.
451 50 571 69 Congregatinm
583 50 645 64 Concu-m

182 104 251 122 rochus
265 104 327 122 Castri
342 104 431 128 Ugoniae
445 103 504 122 etiam
518 110 542 122 ex
556 110 580 122 eo
594 103 681 129 adurget.
697 104 748 128 quod
765 104 805 128 ipsa
820 104 854 122 de-

182 135 252 153 stinata
265 135 300 153 suit
314 141 373 159 usque
388 135 412 153 ab
427 135 481 153 initio
495 135 519 153 ad
534 135 667 159 complendam
685 141 731 154 suae
750 135 854 159 paroeciae

181 172 292 190 congruam,
304 172 359 190 quae,
370 166 422 185 iuxta
436 166 514 184 citatam
529 170 612 185 mentem
624 166 704 184 Concilii
714 166 821 184 Tridentini
832 170 855 184 et

181 197 327 222 dispositionem
341 197 412 216 decreti
425 197 472 215 Cum
487 198 609 221 nuperrimis,
620 197 691 216 intacta
706 202 725 216 et
737 197 789 216 salva
803 203 854 216 sem-

182 235 216 253 per
236 235 279 247 esse
293 229 356 248 debet.
379 229 466 247 Profecto
480 229 495 247 si
515 228 630 253 praecitatae
651 229 751 253 paroeciae
772 228 852 249 reditus,

181 261 324 285 comprehensis
337 260 396 279 etiam
410 260 465 278 certis
475 264 495 278 et
504 260 581 278 incertis
595 260 723 284 proventibus,
735 260 853 281 attendatur,

181 292 263 316 erumpit
277 291 329 310 illum
343 291 430 310 deductis
444 291 534 310 oneribus
548 291 658 316 pertingere
672 291 704 309 vix
720 291 775 310 libell.
793 296 853 314 1354,

180 322 226 341 dum
236 329 246 342 e
256 327 323 342 contra
332 323 405 342 reditus
419 322 490 341 nitidus
500 323 600 347 paroeciae
610 323 646 341 loci
660 323 743 341 Lomcllo
757 326 854 347 exuperat

180 354 237 373 libell.
253 355 264 373 8
280 354 343 373 millia.
366 355 415 373 Hine
436 354 504 373 saltem
518 361 542 373 ex
557 355 653 379 aequitate
671 354 733 373 dictae
753 358 809 373 taxae
823 360 854 373 re-

179 386 241 404 tentio
261 386 280 404 in
295 385 390 404 solutione
411 386 509 410 pensionis
529 389 581 404 esset
601 385 725 406 excludenda.
741 392 764 404 ne
779 385 854 404 scilicet

179 417 274 441 parochus
288 416 324 435 loci
339 417 422 435 Lamello
442 416 568 441 locupletetur
582 423 624 435 cum
643 417 715 435 iactura
728 416 804 435 alterius
819 423 854 440 pa-

180 448 232 466 rochi
247 448 368 472 pensionarii,
384 448 416 472 qui
430 448 462 466 vix
476 448 534 466 habet
548 448 599 466 unde
613 448 693 466 honeste
708 448 765 466 vivat.

220 479 245 498 Et
259 485 326 503 reapse
340 479 392 504 quod
406 479 483 498 citatum
502 479 600 498 decretum
621 480 668 498 Cum
688 479 806 503 nuperrimis
824 479 854 497 ita

179 511 203 529 sit
217 511 368 536 intelligendum,
379 511 474 535 parochus
488 511 575 529 evincere
589 511 660 535 satagit
674 514 713 529 tum
723 510 806 529 adducta
818 516 854 528 au-

179 543 267 561 ctoritate
277 542 329 561 Santi
339 542 438 567 (Praelect.
450 542 489 561 fur.
501 549 548 563 can„
556 542 588 560 lib.
597 547 618 566 χ,
626 542 655 560 tit.
664 545 705 566 12);
717 542 773 560 eard,
783 541 854 560 D’An-

179 572 242 592 nibale
258 573 368 596 (Summula
389 573 441 592 theol.
457 573 531 594 moral„
546 573 580 591 vol.
594 578 615 597 3,
626 575 672 597 pag.
689 578 719 597 72⁵,
737 576 780 591 nota
800 574 852 597 44);

179 609 198 623 et
212 605 263 622 Acta
279 604 299 622 Si
308 604 363 623 Sedis
377 604 419 627 (vol.
432 609 450 629 7,
461 607 507 628 pag.
522 606 578 628 555),
591 608 631 622 turn
645 604 743 622 decisione
760 604 811 622 edita
825 604 853 622 ab

179 636 214 654 hac
233 635 253 654 Si
268 635 290 654 C.
310 636 329 654 in
343 642 402 654 causa
416 636 437 654 S.
457 635 666 660 Miniatzk-Congruae
678 635 797 659 parochialis
811 635 854 654 diei

181 673 203 690 ²5
215 667 262 685 Iunii
281 673 335 690 ¹904v
346 667 365 685 in
375 673 412 691 qua
427 666 535 691 Capitulum
550 667 641 685 Pratense
655 667 765 685 damnatum
780 666 813 685 fuit
824 667 853 685 ad

179 698 292 717 solutionem
313 698 410 722 pensionis
425 698 531 722 impositae,
547 698 610 717 favore
631 698 708 722 parochi
723 698 760 717 loci
776 698 854 717 Cerrato

181 729 247 749 Gm'di,
258 729 346 747 immunis
356 730 381 747 ab
390 729 442 748 omni
452 729 524 748 tributo
534 729 574 747 sive
582 735 648 748 manus
658 734 744 748 mortuae
755 730 794 748 sive
803 730 854 748 divi-

179 761 247 779 tiarum
256 760 359 779 mobilium.
370 760 407 779 Cfr.
419 760 514 778 Monam
523 760 647 781 ecclasiastico,
658 761 694 779 vol.
709 762 737 782 16,
748 767 792 785 pag.
804 761 851 784 248.

179 792 246 816 Neque
260 798 284 810 ex
299 792 379 811 adverso
394 792 477 810 invocari
493 796 556 816 potest
570 791 601 810 lex
615 792 680 814 civilis,
698 798 747 816 quae
766 792 853 816 parocho

179 820 258 841 onerat'o
268 823 366 847 pensionis
380 823 468 841 concedit
477 823 506 841 ius
515 829 614 847 regressus
626 827 692 842 contra
707 823 853 847 pensionarium

178 859 199 873 ut
208 855 233 873 ab
243 861 266 873 eo
281 855 342 879 possit
351 858 438 878 repetere
453 860 464 872 a
478 860 499 872 se
513 854 619 873 exsolutam
629 858 692 873 taxam
707 854 765 879 vulgo
779 855 803 873 di
814 855 853 873 ric-

177 886 242 905 cluna
257 886 332 904 mobile:
349 892 392 904 nam
407 885 457 910 apud
479 885 588 904 canonistas
603 892 678 910 semper
693 886 737 904 illud
752 886 786 904 suit
799 892 853 905 rece-

178 921 231 941 ptum
246 917 364 941 principium,
380 917 433 941 leges
448 916 514 935 civiles
528 917 546 935 in
562 917 641 935 materia
655 917 851 943 ecclesiastica-nihil

177 948 241 967 valere
255 954 279 967 ex
293 948 369 966 defectu
385 948 491 972 potestatis.

218 980 248 998 Ex
262 980 321 998 altera
331 986 376 998 vero
391 983 444 1004 parte
459 979 538 998 actualis
553 979 647 1003 parochus
661 980 726 1004 oppidi
737 979 817 998 Lumelli
829 980 850 998 in

177 1011 227 1030 facto
242 1011 346 1035 praemittit
366 1011 418 1035 quod
433 1010 490 1029 Curia
504 1014 524 1029 et
538 1010 568 1029 alii
584 1011 660 1035 parochi
680 1011 801 1035 pensionarii.
817 1018 851 1030 eo-

177 1043 220 1061 dem
232 1042 289 1061 modo
299 1048 321 1060 ac
334 1042 428 1066 parochus
438 1042 501 1061 Casti-i
511 1042 599 1067 Ugoniae
614 1043 706 1067 pensione
721 1043 809 1063 fruentes.
821 1048 850 1061 re-

177 1074 274 1092 tinuerunt
283 1073 353 1091 dietum
365 1074 455 1091 tributum
465 1073 541 1092 afficere
551 1074 662 1097 pensionem
677 1074 799 1097 recipientem
811 1080 849 1092 non

177 1108 242 1122 autem
256 1109 298 1122 eam
320 1104 471 1128 persolventem
487 1104 530 1123 hinc
552 1105 661 1129 praetensio
679 1108 698 1122 et
712 1105 807 1129 oppositio
823 1111 850 1123 ex

177 1135 258 1153 adverso
272 1134 347 1153 elevata
361 1135 437 1159 penitus
450 1139 481 1154 est
495 1135 602 1154 reiicienda.
622 1136 673 1159 Quin
688 1142 699 1154 a
713 1136 798 1160 parocho
813 1136 849 1154 Ca-
