<?xml version="1.0" encoding="UTF-8"?>
<!DOCTYPE html PUBLIC "-//W3C//DTD XHTML 1.0 Transitional//EN"
    "http://www.w3.org/TR/xhtml1/DTD/xhtml1-transitional.dtd">
<html xmlns="http://www.w3.org/1999/xhtml" xml:lang="en" lang="en">
 <head>
  <title>
</title>
<meta http-equiv="Content-Type" content="text/html;charset=utf-8" />
  <meta name='ocr-system' content='tesseract 3.04.00' />
  <meta name='ocr-capabilities' content='ocr_page ocr_carea ocr_par ocr_line ocrx_word'/>
</head>
<body>
  <div class='ocr_page' id='page_1' title='image "actasanctaesedi06popegoog_0053.png"; bbox 0 0 921 1304; ppageno 0'>
   <div class='ocr_carea' id='block_1_1' title="bbox 164 48 628 67">
    <p class='ocr_par' dir='ltr' id='par_1_1' title="bbox 164 48 628 67">
     <span class='ocr_line' id='line_1_1' title="bbox 164 48 628 67; baseline 0 -5"><span class='ocrx_word' id='word_1_1' title='bbox 164 48 184 65; x_wconf 74' lang='lat'>46</span> <span class='ocrx_word' id='word_1_2' title='bbox 370 48 395 62; x_wconf 78' lang='lat' dir='ltr'>Ex</span> <span class='ocrx_word' id='word_1_3' title='bbox 405 48 421 62; x_wconf 83' lang='lat' dir='ltr'>S.</span> <span class='ocrx_word' id='word_1_4' title='bbox 434 48 553 67; x_wconf 72' lang='lat' dir='ltr'>Congregatiom</span> <span class='ocrx_word' id='word_1_5' title='bbox 565 48 628 62; x_wconf 75' lang='lat' dir='ltr'>Concilii</span> 
     </span>
    </p>
   </div>
   <div class='ocr_carea' id='block_1_2' title="bbox 165 101 860 963">
    <p class='ocr_par' dir='ltr' id='par_1_2' title="bbox 165 101 836 188">
     <span class='ocr_line' id='line_1_2' title="bbox 165 101 836 126; baseline 0.001 -7"><span class='ocrx_word' id='word_1_6' title='bbox 165 101 328 122; x_wconf 78' lang='lat' dir='ltr'>instructionibus:</span> <span class='ocrx_word' id='word_1_7' title='bbox 344 101 374 120; x_wconf 88' lang='lat' dir='ltr'>alii</span> <span class='ocrx_word' id='word_1_8' title='bbox 389 107 399 120; x_wconf 89' lang='lat' dir='ltr'>e</span> <span class='ocrx_word' id='word_1_9' title='bbox 414 105 480 120; x_wconf 86' lang='lat' dir='ltr'>contra</span> <span class='ocrx_word' id='word_1_10' title='bbox 494 102 594 120; x_wconf 78' lang='lat' dir='ltr'>instantias</span> <span class='ocrx_word' id='word_1_11' title='bbox 608 106 733 126; x_wconf 80' lang='lat' dir='ltr'>porrexerunt</span> <span class='ocrx_word' id='word_1_12' title='bbox 752 108 786 126; x_wconf 85' lang='lat' dir='ltr'>pro</span> <span class='ocrx_word' id='word_1_13' title='bbox 802 102 836 121; x_wconf 53' lang='lat' dir='ltr'>ite</span> 
     </span>
     <span class='ocr_line' id='line_1_3' title="bbox 165 132 836 152; baseline 0 -1"><span class='ocrx_word' id='word_1_14' title='bbox 165 133 225 151; x_wconf 84' lang='lat' dir='ltr'>rando</span> <span class='ocrx_word' id='word_1_15' title='bbox 239 132 299 152; x_wconf 83' lang='lat' dir='ltr'>Sacro</span> <span class='ocrx_word' id='word_1_16' title='bbox 313 133 383 151; x_wconf 85' lang='lat' dir='ltr'>nedum</span> <span class='ocrx_word' id='word_1_17' title='bbox 398 133 415 151; x_wconf 92' lang='lat' dir='ltr'>in</span> <span class='ocrx_word' id='word_1_18' title='bbox 431 139 475 151; x_wconf 85' lang='lat' dir='ltr'>casu</span> <span class='ocrx_word' id='word_1_19' title='bbox 490 139 546 151; x_wconf 85' lang='lat' dir='ltr'>verae</span> <span class='ocrx_word' id='word_1_20' title='bbox 561 133 644 152; x_wconf 86' lang='lat' dir='ltr'>fidelium</span> <span class='ocrx_word' id='word_1_21' title='bbox 660 133 779 152; x_wconf 81' lang='lat' dir='ltr'>necessitatis</span> <span class='ocrx_word' id='word_1_22' title='bbox 800 133 836 152; x_wconf 82' lang='lat' dir='ltr'>sed</span> 
     </span>
     <span class='ocr_line' id='line_1_4' title="bbox 165 163 635 188; baseline 0 -6"><span class='ocrx_word' id='word_1_23' title='bbox 165 164 255 188; x_wconf 82' lang='lat' dir='ltr'>simplicis</span> <span class='ocrx_word' id='word_1_24' title='bbox 269 164 327 182; x_wconf 85' lang='lat' dir='ltr'>etiam</span> <span class='ocrx_word' id='word_1_25' title='bbox 341 163 427 183; x_wconf 74' lang='lat' dir='ltr'>utilitatis</span> <span class='ocrx_word' id='word_1_26' title='bbox 441 170 475 182; x_wconf 83' lang='lat' dir='ltr'>seu</span> <span class='ocrx_word' id='word_1_27' title='bbox 489 164 635 182; x_wconf 83' lang='lat' dir='ltr'>commoditatis.</span> 
     </span>
    </p>

    <p class='ocr_par' dir='ltr' id='par_1_3' title="bbox 165 195 860 376">
     <span class='ocr_line' id='line_1_5' title="bbox 206 195 835 219; baseline 0.002 -6"><span class='ocrx_word' id='word_1_28' title='bbox 206 195 257 219; x_wconf 85' lang='lat' dir='ltr'>Quin</span> <span class='ocrx_word' id='word_1_29' title='bbox 272 195 315 216; x_wconf 80' lang='lat' dir='ltr'>imo,</span> <span class='ocrx_word' id='word_1_30' title='bbox 330 201 389 219; x_wconf 90' lang='lat' dir='ltr'>quum</span> <span class='ocrx_word' id='word_1_31' title='bbox 403 195 503 219; x_wconf 74' lang='lat' dir='ltr'>disciplina</span> <span class='ocrx_word' id='word_1_32' title='bbox 512 195 562 213; x_wconf 83' lang='lat' dir='ltr'>eirca</span> <span class='ocrx_word' id='word_1_33' title='bbox 572 195 642 214; x_wconf 77' lang='lat' dir='ltr'>Missae</span> <span class='ocrx_word' id='word_1_34' title='bbox 656 196 776 214; x_wconf 77' lang='lat' dir='ltr'>iterationem</span> <span class='ocrx_word' id='word_1_35' title='bbox 791 195 835 214; x_wconf 83' lang='lat' dir='ltr'>huc·</span> 
     </span>
     <span class='ocr_line' id='line_1_6' title="bbox 165 226 860 251; baseline 0.001 -7"><span class='ocrx_word' id='word_1_36' title='bbox 165 232 225 250; x_wconf 89' lang='lat' dir='ltr'>usque</span> <span class='ocrx_word' id='word_1_37' title='bbox 242 227 311 251; x_wconf 84' lang='lat' dir='ltr'>vigens</span> <span class='ocrx_word' id='word_1_38' title='bbox 327 226 370 250; x_wconf 88' lang='lat' dir='ltr'>plus</span> <span class='ocrx_word' id='word_1_39' title='bbox 388 232 450 251; x_wconf 87' lang='lat' dir='ltr'>aequo</span> <span class='ocrx_word' id='word_1_40' title='bbox 465 226 544 245; x_wconf 79' lang='lat' dir='ltr'>liberam</span> <span class='ocrx_word' id='word_1_41' title='bbox 558 227 637 245; x_wconf 79' lang='lat' dir='ltr'>fortasse</span> <span class='ocrx_word' id='word_1_42' title='bbox 651 227 766 251; x_wconf 83' lang='lat' dir='ltr'>relinqueret</span> <span class='ocrx_word' id='word_1_43' title='bbox 779 227 836 245; x_wconf 91' lang='lat' dir='ltr'>inter-</span> <span class='ocrx_word' id='word_1_44' title='bbox 858 237 860 239; x_wconf 87' lang='lat'>·</span> 
     </span>
     <span class='ocr_line' id='line_1_7' title="bbox 165 258 836 282; baseline 0 -6"><span class='ocrx_word' id='word_1_45' title='bbox 165 258 298 282; x_wconf 83' lang='lat' dir='ltr'>pretationem,</span> <span class='ocrx_word' id='word_1_46' title='bbox 313 264 351 276; x_wconf 90' lang='lat' dir='ltr'>non</span> <span class='ocrx_word' id='word_1_47' title='bbox 367 264 409 276; x_wconf 88' lang='lat' dir='ltr'>raro</span> <span class='ocrx_word' id='word_1_48' title='bbox 423 258 487 276; x_wconf 85' lang='lat' dir='ltr'>evenit</span> <span class='ocrx_word' id='word_1_49' title='bbox 502 262 522 276; x_wconf 87' lang='lat' dir='ltr'>ut</span> <span class='ocrx_word' id='word_1_50' title='bbox 535 258 630 276; x_wconf 81' lang='lat' dir='ltr'>contraria</span> <span class='ocrx_word' id='word_1_51' title='bbox 644 259 708 282; x_wconf 72' lang='lat' dir='ltr'>praxis</span> <span class='ocrx_word' id='word_1_52' title='bbox 722 258 772 277; x_wconf 85' lang='lat' dir='ltr'>circa</span> <span class='ocrx_word' id='word_1_53' title='bbox 784 258 836 276; x_wconf 82' lang='lat' dir='ltr'>bina-</span> 
     </span>
     <span class='ocr_line' id='line_1_8' title="bbox 165 289 836 314; baseline 0.003 -7"><span class='ocrx_word' id='word_1_54' title='bbox 165 289 237 307; x_wconf 81' lang='lat' dir='ltr'>tionem</span> <span class='ocrx_word' id='word_1_55' title='bbox 247 289 367 307; x_wconf 84' lang='lat' dir='ltr'>induceretur</span> <span class='ocrx_word' id='word_1_56' title='bbox 377 289 425 307; x_wconf 85' lang='lat' dir='ltr'>inter</span> <span class='ocrx_word' id='word_1_57' title='bbox 435 289 533 308; x_wconf 80' lang='lat' dir='ltr'>dioeceses</span> <span class='ocrx_word' id='word_1_58' title='bbox 543 290 600 308; x_wconf 79' lang='lat' dir='ltr'>etiam</span> <span class='ocrx_word' id='word_1_59' title='bbox 611 289 704 308; x_wconf 59' lang='lat' dir='ltr'>finitimas</span> <span class='ocrx_word' id='word_1_60' title='bbox 720 290 770 309; x_wconf 86' lang='lat' dir='ltr'>Hinc</span> <span class='ocrx_word' id='word_1_61' title='bbox 783 296 836 314; x_wconf 75' lang='lat' dir='ltr'>prae-</span> 
     </span>
     <span class='ocr_line' id='line_1_9' title="bbox 166 320 835 346; baseline 0.001 -7"><span class='ocrx_word' id='word_1_62' title='bbox 166 320 230 339; x_wconf 78' lang='lat' dir='ltr'>sertim</span> <span class='ocrx_word' id='word_1_63' title='bbox 240 327 264 339; x_wconf 89' lang='lat' dir='ltr'>ex</span> <span class='ocrx_word' id='word_1_64' title='bbox 275 321 330 339; x_wconf 85' lang='lat' dir='ltr'>nimis</span> <span class='ocrx_word' id='word_1_65' title='bbox 339 320 378 339; x_wconf 92' lang='lat' dir='ltr'>lata</span> <span class='ocrx_word' id='word_1_66' title='bbox 387 320 436 345; x_wconf 82' lang='lat' dir='ltr'>legis</span> <span class='ocrx_word' id='word_1_67' title='bbox 445 321 601 345; x_wconf 73' lang='lat' dir='ltr'>interpretatione</span> <span class='ocrx_word' id='word_1_68' title='bbox 615 320 683 340; x_wconf 85' lang='lat' dir='ltr'>alicubi</span> <span class='ocrx_word' id='word_1_69' title='bbox 693 328 763 346; x_wconf 83' lang='lat' dir='ltr'>graves</span> <span class='ocrx_word' id='word_1_70' title='bbox 774 321 835 340; x_wconf 83' lang='lat' dir='ltr'>exorti</span> 
     </span>
     <span class='ocr_line' id='line_1_10' title="bbox 165 352 534 376; baseline 0 -6"><span class='ocrx_word' id='word_1_71' title='bbox 165 356 209 370; x_wconf 84' lang='lat' dir='ltr'>sunt</span> <span class='ocrx_word' id='word_1_72' title='bbox 223 352 293 370; x_wconf 88' lang='lat' dir='ltr'>abusus</span> <span class='ocrx_word' id='word_1_73' title='bbox 307 356 326 370; x_wconf 86' lang='lat' dir='ltr'>et</span> <span class='ocrx_word' id='word_1_74' title='bbox 340 352 405 376; x_wconf 86' lang='lat' dir='ltr'>populi</span> <span class='ocrx_word' id='word_1_75' title='bbox 419 352 534 371; x_wconf 77' lang='lat' dir='ltr'>scandalum.</span> 
     </span>
    </p>

    <p class='ocr_par' dir='ltr' id='par_1_4' title="bbox 165 383 838 777">
     <span class='ocr_line' id='line_1_11' title="bbox 206 383 837 408; baseline 0.002 -7"><span class='ocrx_word' id='word_1_76' title='bbox 206 383 264 401; x_wconf 83' lang='lat' dir='ltr'>Hisce</span> <span class='ocrx_word' id='word_1_77' title='bbox 278 383 336 408; x_wconf 83' lang='lat' dir='ltr'>igitur</span> <span class='ocrx_word' id='word_1_78' title='bbox 350 383 454 407; x_wconf 82' lang='lat' dir='ltr'>perpensis.</span> <span class='ocrx_word' id='word_1_79' title='bbox 470 389 527 407; x_wconf 89' lang='lat' dir='ltr'>quum</span> <span class='ocrx_word' id='word_1_80' title='bbox 539 389 576 402; x_wconf 84' lang='lat' dir='ltr'>nun</span> <span class='ocrx_word' id='word_1_81' title='bbox 592 388 622 402; x_wconf 83' lang='lat' dir='ltr'>sat</span> <span class='ocrx_word' id='word_1_82' title='bbox 635 383 731 402; x_wconf 80' lang='lat' dir='ltr'>sufficiens</span> <span class='ocrx_word' id='word_1_83' title='bbox 741 385 801 402; x_wconf 79' lang='lat' dir='ltr'>visum</span> <span class='ocrx_word' id='word_1_84' title='bbox 811 384 837 402; x_wconf 86' lang='lat' dir='ltr'>sit</span> 
     </span>
     <span class='ocr_line' id='line_1_12' title="bbox 166 414 834 439; baseline 0.001 -7"><span class='ocrx_word' id='word_1_85' title='bbox 166 414 184 432; x_wconf 90' lang='lat' dir='ltr'>in</span> <span class='ocrx_word' id='word_1_86' title='bbox 195 420 240 433; x_wconf 79' lang='lat' dir='ltr'>casu</span> <span class='ocrx_word' id='word_1_87' title='bbox 250 420 346 433; x_wconf 80' lang='lat' dir='ltr'>recurrere</span> <span class='ocrx_word' id='word_1_88' title='bbox 356 415 380 433; x_wconf 83' lang='lat' dir='ltr'>ad</span> <span class='ocrx_word' id='word_1_89' title='bbox 391 415 474 433; x_wconf 90' lang='lat' dir='ltr'>medium</span> <span class='ocrx_word' id='word_1_90' title='bbox 482 414 597 433; x_wconf 83' lang='lat' dir='ltr'>ordinarium</span> <span class='ocrx_word' id='word_1_91' title='bbox 608 414 693 438; x_wconf 53' lang='lat' dir='ltr'>privatae</span> <span class='ocrx_word' id='word_1_92' title='bbox 700 415 834 439; x_wconf 80' lang='lat' dir='ltr'>responsionis.</span> 
     </span>
     <span class='ocr_line' id='line_1_13' title="bbox 165 445 836 470; baseline 0.001 -7"><span class='ocrx_word' id='word_1_93' title='bbox 165 445 196 464; x_wconf 89' lang='lat' dir='ltr'>vel</span> <span class='ocrx_word' id='word_1_94' title='bbox 206 445 334 464; x_wconf 82' lang='lat' dir='ltr'>concessionis</span> <span class='ocrx_word' id='word_1_95' title='bbox 343 449 376 463; x_wconf 89' lang='lat' dir='ltr'>aut</span> <span class='ocrx_word' id='word_1_96' title='bbox 385 445 520 470; x_wconf 80' lang='lat' dir='ltr'>denegationis</span> <span class='ocrx_word' id='word_1_97' title='bbox 530 445 610 470; x_wconf 81' lang='lat' dir='ltr'>gratiae,</span> <span class='ocrx_word' id='word_1_98' title='bbox 621 452 652 464; x_wconf 91' lang='lat' dir='ltr'>res</span> <span class='ocrx_word' id='word_1_99' title='bbox 661 451 684 464; x_wconf 87' lang='lat' dir='ltr'>ex</span> <span class='ocrx_word' id='word_1_100' title='bbox 696 446 782 470; x_wconf 82' lang='lat' dir='ltr'>professo</span> <span class='ocrx_word' id='word_1_101' title='bbox 794 452 836 470; x_wconf 80' lang='lat' dir='ltr'>pro-</span> 
     </span>
     <span class='ocr_line' id='line_1_14' title="bbox 166 476 836 501; baseline 0.001 -7"><span class='ocrx_word' id='word_1_102' title='bbox 166 477 228 501; x_wconf 67' lang='lat' dir='ltr'>posita</span> <span class='ocrx_word' id='word_1_103' title='bbox 242 476 276 495; x_wconf 77' lang='lat' dir='ltr'>[uit</span> <span class='ocrx_word' id='word_1_104' title='bbox 290 476 308 495; x_wconf 92' lang='lat' dir='ltr'>in</span> <span class='ocrx_word' id='word_1_105' title='bbox 323 476 412 501; x_wconf 82' lang='lat' dir='ltr'>plenariis</span> <span class='ocrx_word' id='word_1_106' title='bbox 426 477 507 495; x_wconf 81' lang='lat' dir='ltr'>comitiis</span> <span class='ocrx_word' id='word_1_107' title='bbox 517 480 538 495; x_wconf 89' lang='lat' dir='ltr'>ut</span> <span class='ocrx_word' id='word_1_108' title='bbox 547 481 661 495; x_wconf 81' lang='lat' dir='ltr'>statueretur</span> <span class='ocrx_word' id='word_1_109' title='bbox 675 483 699 495; x_wconf 81' lang='lat' dir='ltr'>an</span> <span class='ocrx_word' id='word_1_110' title='bbox 713 481 733 495; x_wconf 87' lang='lat' dir='ltr'>et</span> <span class='ocrx_word' id='word_1_111' title='bbox 746 483 795 501; x_wconf 86' lang='lat' dir='ltr'>quas</span> <span class='ocrx_word' id='word_1_112' title='bbox 809 483 836 495; x_wconf 86' lang='lat' dir='ltr'>re-</span> 
     </span>
     <span class='ocr_line' id='line_1_15' title="bbox 166 507 837 533; baseline 0 -7"><span class='ocrx_word' id='word_1_113' title='bbox 166 508 221 533; x_wconf 80' lang='lat' dir='ltr'>gulas</span> <span class='ocrx_word' id='word_1_114' title='bbox 231 508 325 532; x_wconf 82' lang='lat' dir='ltr'>praetieas</span> <span class='ocrx_word' id='word_1_115' title='bbox 335 508 354 526; x_wconf 94' lang='lat' dir='ltr'>in</span> <span class='ocrx_word' id='word_1_116' title='bbox 365 514 384 525; x_wconf 85' lang='lat' dir='ltr'>re</span> <span class='ocrx_word' id='word_1_117' title='bbox 394 508 498 526; x_wconf 84' lang='lat' dir='ltr'>decernere</span> <span class='ocrx_word' id='word_1_118' title='bbox 508 511 610 532; x_wconf 86' lang='lat' dir='ltr'>oporteret,</span> <span class='ocrx_word' id='word_1_119' title='bbox 619 512 640 525; x_wconf 93' lang='lat' dir='ltr'>ut</span> <span class='ocrx_word' id='word_1_120' title='bbox 647 507 724 526; x_wconf 76' lang='lat' dir='ltr'>tandem</span> <span class='ocrx_word' id='word_1_121' title='bbox 733 507 837 532; x_wconf 75' lang='lat' dir='ltr'>aliquando</span> 
     </span>
     <span class='ocr_line' id='line_1_16' title="bbox 167 539 838 563; baseline 0 -6"><span class='ocrx_word' id='word_1_122' title='bbox 167 539 283 558; x_wconf 84' lang='lat' dir='ltr'>obtineretur</span> <span class='ocrx_word' id='word_1_123' title='bbox 298 539 367 563; x_wconf 83' lang='lat' dir='ltr'>ubique</span> <span class='ocrx_word' id='word_1_124' title='bbox 377 543 442 563; x_wconf 62' lang='lat' dir='ltr'>optata</span> <span class='ocrx_word' id='word_1_125' title='bbox 452 539 574 557; x_wconf 75' lang='lat' dir='ltr'>conformitas</span> <span class='ocrx_word' id='word_1_126' title='bbox 587 539 606 557; x_wconf 88' lang='lat' dir='ltr'>in</span> <span class='ocrx_word' id='word_1_127' title='bbox 618 539 670 557; x_wconf 83' lang='lat' dir='ltr'>Sacri</span> <span class='ocrx_word' id='word_1_128' title='bbox 681 539 783 557; x_wconf 84' lang='lat' dir='ltr'>binatione.</span> <span class='ocrx_word' id='word_1_129' title='bbox 799 539 838 557; x_wconf 88' lang='lat' dir='ltr'>Ex-</span> 
     </span>
     <span class='ocr_line' id='line_1_17' title="bbox 167 570 835 594; baseline 0 -6"><span class='ocrx_word' id='word_1_130' title='bbox 167 570 257 594; x_wconf 86' lang='lat' dir='ltr'>quisitum</span> <span class='ocrx_word' id='word_1_131' title='bbox 275 571 332 588; x_wconf 85' lang='lat' dir='ltr'>etiam</span> <span class='ocrx_word' id='word_1_132' title='bbox 352 570 385 588; x_wconf 79' lang='lat' dir='ltr'>fuit</span> <span class='ocrx_word' id='word_1_133' title='bbox 404 574 469 588; x_wconf 91' lang='lat' dir='ltr'>votum</span> <span class='ocrx_word' id='word_1_134' title='bbox 484 571 515 594; x_wconf 88' lang='lat'>(1)</span> <span class='ocrx_word' id='word_1_135' title='bbox 529 576 541 588; x_wconf 85' lang='lat' dir='ltr'>a</span> <span class='ocrx_word' id='word_1_136' title='bbox 556 570 605 588; x_wconf 79' lang='lat' dir='ltr'>Rmo</span> <span class='ocrx_word' id='word_1_137' title='bbox 620 570 639 589; x_wconf 88' lang='lat' dir='ltr'>P.</span> <span class='ocrx_word' id='word_1_138' title='bbox 655 570 688 589; x_wconf 83' lang='lat' dir='ltr'>Pio</span> <span class='ocrx_word' id='word_1_139' title='bbox 702 576 713 588; x_wconf 95' lang='lat' dir='ltr'>a</span> <span class='ocrx_word' id='word_1_140' title='bbox 728 570 835 594; x_wconf 81' lang='lat' dir='ltr'>Langonio,</span> 
     </span>
     <span class='ocr_line' id='line_1_18' title="bbox 166 601 837 626; baseline -0.001 -6"><span class='ocrx_word' id='word_1_141' title='bbox 166 602 198 626; x_wconf 89' lang='lat' dir='ltr'>qui</span> <span class='ocrx_word' id='word_1_142' title='bbox 212 601 258 620; x_wconf 82' lang='lat' dir='ltr'>illud</span> <span class='ocrx_word' id='word_1_143' title='bbox 273 601 359 622; x_wconf 81' lang='lat' dir='ltr'>confecit,</span> <span class='ocrx_word' id='word_1_144' title='bbox 374 605 431 626; x_wconf 87' lang='lat' dir='ltr'>atque</span> <span class='ocrx_word' id='word_1_145' title='bbox 446 601 520 620; x_wconf 87' lang='lat' dir='ltr'>insimul</span> <span class='ocrx_word' id='word_1_146' title='bbox 535 601 628 625; x_wconf 81' lang='lat' dir='ltr'>quasdam</span> <span class='ocrx_word' id='word_1_147' title='bbox 643 601 744 625; x_wconf 79' lang='lat' dir='ltr'>petitiones</span> <span class='ocrx_word' id='word_1_148' title='bbox 753 601 777 619; x_wconf 87' lang='lat' dir='ltr'>ad</span> <span class='ocrx_word' id='word_1_149' title='bbox 787 601 837 619; x_wconf 82' lang='lat' dir='ltr'>hanc</span> 
     </span>
     <span class='ocr_line' id='line_1_19' title="bbox 166 632 836 658; baseline -0.001 -7"><span class='ocrx_word' id='word_1_150' title='bbox 166 633 185 652; x_wconf 81' lang='lat' dir='ltr'>S.</span> <span class='ocrx_word' id='word_1_151' title='bbox 201 633 222 651; x_wconf 92' lang='lat' dir='ltr'>C.</span> <span class='ocrx_word' id='word_1_152' title='bbox 239 639 299 658; x_wconf 84' lang='lat' dir='ltr'>nuper</span> <span class='ocrx_word' id='word_1_153' title='bbox 313 633 434 654; x_wconf 83' lang='lat' dir='ltr'>transmissas</span> <span class='ocrx_word' id='word_1_154' title='bbox 448 632 596 657; x_wconf 85' lang='lat' dir='ltr'>compendiatim</span> <span class='ocrx_word' id='word_1_155' title='bbox 618 632 680 651; x_wconf 86' lang='lat' dir='ltr'>retulit</span> <span class='ocrx_word' id='word_1_156' title='bbox 694 638 716 651; x_wconf 78' lang='lat' dir='ltr'>ac</span> <span class='ocrx_word' id='word_1_157' title='bbox 731 632 836 650; x_wconf 81' lang='lat' dir='ltr'>illustravit.</span> 
     </span>
     <span class='ocr_line' id='line_1_20' title="bbox 167 663 835 689; baseline -0.003 -6"><span class='ocrx_word' id='word_1_158' title='bbox 167 664 270 688; x_wconf 82' lang='lat' dir='ltr'>Quaeritur</span> <span class='ocrx_word' id='word_1_159' title='bbox 285 664 342 689; x_wconf 82' lang='lat' dir='ltr'>igitur</span> <span class='ocrx_word' id='word_1_160' title='bbox 356 671 407 686; x_wconf 86' lang='lat' dir='ltr'>num,</span> <span class='ocrx_word' id='word_1_161' title='bbox 423 668 497 683; x_wconf 84' lang='lat' dir='ltr'>servata</span> <span class='ocrx_word' id='word_1_162' title='bbox 512 664 607 688; x_wconf 79' lang='lat' dir='ltr'>praesenti</span> <span class='ocrx_word' id='word_1_163' title='bbox 618 664 720 682; x_wconf 79' lang='lat' dir='ltr'>binationis</span> <span class='ocrx_word' id='word_1_164' title='bbox 730 663 835 688; x_wconf 81' lang='lat' dir='ltr'>disciplina,</span> 
     </span>
     <span class='ocr_line' id='line_1_21' title="bbox 167 694 838 720; baseline -0.001 -6"><span class='ocrx_word' id='word_1_165' title='bbox 167 695 256 720; x_wconf 80' lang='lat' dir='ltr'>expediat</span> <span class='ocrx_word' id='word_1_166' title='bbox 271 695 370 714; x_wconf 85' lang='lat' dir='ltr'>nonnullas</span> <span class='ocrx_word' id='word_1_167' title='bbox 384 695 485 714; x_wconf 81' lang='lat' dir='ltr'>dumtaxat</span> <span class='ocrx_word' id='word_1_168' title='bbox 498 695 647 720; x_wconf 82' lang='lat' dir='ltr'>dispositiones,</span> <span class='ocrx_word' id='word_1_169' title='bbox 663 699 719 719; x_wconf 84' lang='lat' dir='ltr'>prout</span> <span class='ocrx_word' id='word_1_170' title='bbox 732 701 743 713; x_wconf 82' lang='lat' dir='ltr'>a</span> <span class='ocrx_word' id='word_1_171' title='bbox 757 694 838 713; x_wconf 89' lang='lat' dir='ltr'>Consul-</span> 
     </span>
     <span class='ocr_line' id='line_1_22' title="bbox 166 726 837 751; baseline -0.001 -6"><span class='ocrx_word' id='word_1_172' title='bbox 166 731 207 745; x_wconf 84' lang='lat' dir='ltr'>tore</span> <span class='ocrx_word' id='word_1_173' title='bbox 229 726 365 751; x_wconf 82' lang='lat' dir='ltr'>indigitantur.</span> <span class='ocrx_word' id='word_1_174' title='bbox 381 726 510 751; x_wconf 77' lang='lat' dir='ltr'>superaddere</span> <span class='ocrx_word' id='word_1_175' title='bbox 531 732 566 751; x_wconf 88' lang='lat' dir='ltr'>pro</span> <span class='ocrx_word' id='word_1_176' title='bbox 585 726 648 745; x_wconf 90' lang='lat' dir='ltr'>tutiori</span> <span class='ocrx_word' id='word_1_177' title='bbox 663 726 712 751; x_wconf 70' lang='lat' dir='ltr'>legis</span> <span class='ocrx_word' id='word_1_178' title='bbox 726 726 837 750; x_wconf 82' lang='lat' dir='ltr'>interpreta-</span> 
     </span>
     <span class='ocr_line' id='line_1_23' title="bbox 167 757 394 777; baseline -0.004 -1"><span class='ocrx_word' id='word_1_179' title='bbox 167 758 219 777; x_wconf 89' lang='lat' dir='ltr'>tione</span> <span class='ocrx_word' id='word_1_180' title='bbox 233 763 255 776; x_wconf 88' lang='lat' dir='ltr'>ac</span> <span class='ocrx_word' id='word_1_181' title='bbox 269 757 394 776; x_wconf 78' lang='lat' dir='ltr'>observantia.</span> 
     </span>
    </p>

    <p class='ocr_par' dir='ltr' id='par_1_5' title="bbox 168 787 838 869">
     <span class='ocr_line' id='line_1_24' title="bbox 208 787 838 813; baseline -0.005 -4"><span class='ocrx_word' id='word_1_182' title='bbox 208 788 362 813; x_wconf 79' lang='lat' dir='ltr'>Responsum.</span> <span class='ocrx_word' id='word_1_183' title='bbox 378 788 420 807; x_wconf 74' lang='lat' dir='ltr'>Emi</span> <span class='ocrx_word' id='word_1_184' title='bbox 435 788 500 807; x_wconf 85' lang='lat' dir='ltr'>Patres</span> <span class='ocrx_word' id='word_1_185' title='bbox 517 789 535 806; x_wconf 80' lang='lat' dir='ltr'>S.</span> <span class='ocrx_word' id='word_1_186' title='bbox 551 788 573 807; x_wconf 82' lang='lat' dir='ltr'>C.</span> <span class='ocrx_word' id='word_1_187' title='bbox 589 787 677 809; x_wconf 81' lang='lat' dir='ltr'>Concilii.</span> <span class='ocrx_word' id='word_1_188' title='bbox 693 788 782 807; x_wconf 85' lang='lat' dir='ltr'>omnibus</span> <span class='ocrx_word' id='word_1_189' title='bbox 795 794 838 812; x_wconf 89' lang='lat' dir='ltr'>per-</span> 
     </span>
     <span class='ocr_line' id='line_1_25' title="bbox 168 819 838 844; baseline -0.001 -6"><span class='ocrx_word' id='word_1_190' title='bbox 168 820 244 844; x_wconf 84' lang='lat' dir='ltr'>pensis,</span> <span class='ocrx_word' id='word_1_191' title='bbox 260 820 278 837; x_wconf 92' lang='lat' dir='ltr'>in</span> <span class='ocrx_word' id='word_1_192' title='bbox 293 819 378 844; x_wconf 79' lang='lat' dir='ltr'>plenario</span> <span class='ocrx_word' id='word_1_193' title='bbox 399 823 454 838; x_wconf 85' lang='lat' dir='ltr'>coetu</span> <span class='ocrx_word' id='word_1_194' title='bbox 474 819 512 837; x_wconf 89' lang='lat' dir='ltr'>diei</span> <span class='ocrx_word' id='word_1_195' title='bbox 532 825 555 842; x_wconf 80' lang='lat'>²3</span> <span class='ocrx_word' id='word_1_196' title='bbox 571 819 685 837; x_wconf 87' lang='lat' dir='ltr'>Novembris</span> <span class='ocrx_word' id='word_1_197' title='bbox 703 824 751 842; x_wconf 87' lang='lat'>1907</span> <span class='ocrx_word' id='word_1_198' title='bbox 773 819 838 838; x_wconf 83' lang='lat' dir='ltr'>decer-</span> 
     </span>
     <span class='ocr_line' id='line_1_26' title="bbox 169 851 380 869; baseline 0 0"><span class='ocrx_word' id='word_1_199' title='bbox 169 851 251 869; x_wconf 88' lang='lat' dir='ltr'>nendum</span> <span class='ocrx_word' id='word_1_200' title='bbox 266 854 380 869; x_wconf 83' lang='lat' dir='ltr'>statuerunt:</span> 
     </span>
    </p>

    <p class='ocr_par' dir='ltr' id='par_1_6' title="bbox 167 881 838 963">
     <span class='ocr_line' id='line_1_27' title="bbox 209 881 838 906; baseline -0.002 -6"><span class='ocrx_word' id='word_1_201' title='bbox 209 882 277 905; x_wconf 82' lang='lat' dir='ltr'>Quoad</span> <span class='ocrx_word' id='word_1_202' title='bbox 284 882 407 906; x_wconf 68' lang='lat' dir='ltr'>quaestionem</span> <span class='ocrx_word' id='word_1_203' title='bbox 414 881 521 906; x_wconf 79' lang='lat' dir='ltr'>generalem</span> <span class='ocrx_word' id='word_1_204' title='bbox 524 881 579 906; x_wconf 76' lang='lat' dir='ltr'>fiant</span> <span class='ocrx_word' id='word_1_205' title='bbox 588 881 661 899; x_wconf 78' lang='lat' dir='ltr'>litterae</span> <span class='ocrx_word' id='word_1_206' title='bbox 670 881 773 899; x_wconf 65' lang='lat' dir='ltr'>simulares</span> <span class='ocrx_word' id='word_1_207' title='bbox 780 881 838 899; x_wconf 75' lang='lat' dir='ltr'>iuxta</span> 
     </span>
     <span class='ocr_line' id='line_1_28' title="bbox 168 912 838 937; baseline -0.001 -6"><span class='ocrx_word' id='word_1_208' title='bbox 168 916 253 933; x_wconf 74' lang='lat' dir='ltr'>mentem,</span> <span class='ocrx_word' id='word_1_209' title='bbox 268 916 285 931; x_wconf 81' lang='lat' dir='ltr'>et</span> <span class='ocrx_word' id='word_1_210' title='bbox 298 913 360 937; x_wconf 82' lang='lat' dir='ltr'>quoad</span> <span class='ocrx_word' id='word_1_211' title='bbox 372 913 486 937; x_wconf 75' lang='lat' dir='ltr'>quaestiones</span> <span class='ocrx_word' id='word_1_212' title='bbox 499 912 627 936; x_wconf 68' lang='lat' dir='ltr'>particulares</span> <span class='ocrx_word' id='word_1_213' title='bbox 641 913 697 931; x_wconf 82' lang='lat' dir='ltr'>iuxta</span> <span class='ocrx_word' id='word_1_214' title='bbox 714 915 776 931; x_wconf 78' lang='lat' dir='ltr'>votum</span> <span class='ocrx_word' id='word_1_215' title='bbox 792 912 838 931; x_wconf 80' lang='lat' dir='ltr'><em>Con-</em></span> 
     </span>
     <span class='ocr_line' id='line_1_29' title="bbox 167 944 251 963; baseline 0 -1"><span class='ocrx_word' id='word_1_216' title='bbox 167 944 251 963; x_wconf 82' lang='lat' dir='ltr'>sultoris.</span> 
     </span>
    </p>
   </div>
   <div class='ocr_carea' id='block_1_3' title="bbox 169 990 248 993">
    <p class='ocr_par' dir='ltr' id='par_1_7' title="bbox 169 990 248 993">
     <span class='ocr_line' id='line_1_30' title="bbox 169 990 248 993; baseline 0 0"><span class='ocrx_word' id='word_1_217' title='bbox 169 990 248 993; x_wconf 95' lang='lat' dir='ltr'> </span> 
     </span>
    </p>
   </div>
   <div class='ocr_carea' id='block_1_4' title="bbox 169 1011 838 1056">
    <p class='ocr_par' dir='ltr' id='par_1_8' title="bbox 169 1011 838 1056">
     <span class='ocr_line' id='line_1_31' title="bbox 209 1011 838 1030; baseline -0.002 -4"><span class='ocrx_word' id='word_1_218' title='bbox 209 1014 230 1030; x_wconf 64' lang='grc' dir='ltr'>(ι)</span> <span class='ocrx_word' id='word_1_219' title='bbox 241 1013 273 1026; x_wconf 62' lang='lat' dir='ltr'>noc</span> <span class='ocrx_word' id='word_1_220' title='bbox 284 1013 338 1026; x_wconf 76' lang='lat' dir='ltr'><strong>v0mm</strong></span> <span class='ocrx_word' id='word_1_221' title='bbox 350 1011 417 1026; x_wconf 72' lang='lat' dir='ltr'>dabimus</span> <span class='ocrx_word' id='word_1_222' title='bbox 428 1012 442 1025; x_wconf 74' lang='grc' dir='ltr'>ῑιι</span> <span class='ocrx_word' id='word_1_223' title='bbox 453 1011 545 1030; x_wconf 52' lang='lat' dir='ltr'>Appen-⁴0„</span> <span class='ocrx_word' id='word_1_224' title='bbox 556 1011 613 1025; x_wconf 63' lang='lat' dir='ltr'>finxerim</span> <span class='ocrx_word' id='word_1_225' title='bbox 620 1011 671 1025; x_wconf 63' lang='lat' dir='ltr'>confer</span> <span class='ocrx_word' id='word_1_226' title='bbox 678 1011 714 1025; x_wconf 62' lang='lat' dir='ltr'>infr.</span> <span class='ocrx_word' id='word_1_227' title='bbox 722 1012 757 1026; x_wconf 60' lang='lat' dir='ltr'>Aeta</span> <span class='ocrx_word' id='word_1_228' title='bbox 768 1011 783 1026; x_wconf 86' lang='lat' dir='ltr'>s.</span> <span class='ocrx_word' id='word_1_229' title='bbox 790 1011 838 1028; x_wconf 62' lang='lat' dir='ltr'>sm„</span> 
     </span>
     <span class='ocr_line' id='line_1_32' title="bbox 169 1037 237 1056; baseline -0.015 -4"><span class='ocrx_word' id='word_1_230' title='bbox 169 1042 202 1056; x_wconf 67' lang='grc' dir='ltr'>ρ-ς.</span> <span class='ocrx_word' id='word_1_231' title='bbox 214 1037 237 1054; x_wconf 77' lang='lat' dir='ltr'>ss,</span> 
     </span>
    </p>
   </div>
  </div>
 </body>
</html>
