921 1304
159 57 189 68 τοι
404 53 429 67 Ex
440 52 523 67 Sur-naria
535 52 584 66 Status

161 107 230 126 dicatis
239 107 361 132 opinionibus
370 107 440 125 addicti
451 110 557 125 scrutentur
566 106 607 125 eius
617 106 718 127 volumina,
728 113 752 125 ex
763 106 830 131 hisque

159 139 205 157 dolo
220 138 270 157 malo
285 138 362 157 eliciant
379 138 456 162 aliquid,
471 142 510 162 quo
524 138 565 156 illas
579 138 685 156 confirmari
700 138 828 159 contendant:

159 176 225 189 verum
240 174 261 188 ut
278 170 352 188 sincera
366 174 385 188 et
405 170 479 194 integra
495 169 580 188 eiusdem
599 169 696 193 principia,
715 169 830 188 documenta

160 201 275 225 spiritusque
283 201 395 225 percipiant.
406 201 466 219 Multa
475 207 486 219 e
496 200 528 219 tali
539 200 631 225 magistro
638 200 712 219 discent
721 200 828 225 praeclara:

161 232 179 250 in
194 232 259 256 primis
273 236 343 254 autern,
359 236 445 251 sanctum
460 232 530 250 habere
545 232 676 257 magisterium
690 231 793 253 Ecclesiae,
804 232 830 250 in-

160 263 231 282 violate
245 264 294 282 tueri
308 263 397 282 traditam
411 269 422 282 a
436 263 523 282 Patribus
539 263 651 284 doctrinam.
667 267 691 284 et,
707 263 758 287 quod
773 266 830 287 caput

158 299 189 313 est
203 295 227 313 ad
242 295 347 313 custodiam
362 294 467 313 catholicae
480 295 571 315 veritatis,
586 294 695 313 Successori
711 294 763 312 Beati
778 294 828 312 Petri

160 332 235 345 summa
254 332 297 344 cum
316 326 353 345 fide
372 326 451 350 obsequi
470 330 490 344 et
508 326 591 344 obedire.
609 326 653 344 Tibi
672 330 777 350 praeterea.
793 325 830 344 V&

162 357 250 376 nerabilis
272 357 344 379 Frater,
359 362 430 382 tuoque
445 357 495 376 clero
509 364 532 376 ac
546 357 624 382 populo,
639 357 689 382 quod
709 357 766 375 missa
780 363 830 375 com-

160 389 213 407 muni
228 389 277 413 stipe
291 389 379 407 tenuitati
393 389 475 407 Nostrae
489 389 590 407 subvenire
604 388 635 413 pie
646 388 749 409 studuistis,
764 392 830 413 grates

159 420 236 444 agimus
249 427 273 438 ex
288 420 361 439 animo:
382 424 439 444 atque
458 420 482 438 ad
496 419 615 439 concilianda
629 420 689 441 vobis.
709 420 830 444 primumque

160 451 245 469 omnium
255 451 295 472 tibi,
306 451 382 469 divinae
396 451 520 476 benignitatis
530 457 614 472 munera,
629 451 713 475 itemque
722 450 746 469 ad
761 454 830 469 testan-

159 482 205 501 dam
220 482 371 501 benevolentiam
383 483 478 504 Nostram.
494 486 614 507 peramanter
627 482 760 507 Apostolicam
774 482 830 500 bene—

160 513 265 532 dictionem
279 514 405 538 impertimus.

201 545 272 564 Datum
281 545 355 564 Romae
365 545 416 570 apud
426 545 444 564 S.
457 545 538 565 Petrum.
550 545 581 563 die
591 551 603 564 x
612 545 676 564 Martii
685 551 735 564 anno
745 551 829 566 ucuvm,

160 576 283 595 Pontificatus
297 576 361 595 Nostri
376 576 448 601 quinto.

428 611 484 630 PIUS
499 612 533 630 PF.
544 612 563 630 X

390 656 602 673 W—

313 705 350 733 EX
367 704 547 758 SECRETQRIA
565 704 678 733 STATUS

159 780 273 798 Facultates
285 780 393 798 ordinariis
401 781 475 798 Garnae
486 785 593 798 concessae
603 782 654 798 circa
666 782 760 798 bonorum
771 781 830 798 ecclo-

206 807 330 824 siasticorum
342 808 486 824 alienationem„

242 848 383 872 Monmgneur,

202 888 229 906 Le
248 888 370 909 Saint-Pere,
391 888 487 910 ἀέςίπευκ,
506 888 554 907 dans
571 888 599 906 les
618 888 704 912 penibles
722 888 830 907 conditionis

160 919 251 937 actuelles
270 919 294 937 de
312 919 390 944 l'Eglise
409 919 433 938 de
452 920 530 940 France.
550 920 574 938 de
592 919 670 938 faciliter
685 925 722 937 aux
741 919 830 943 Eveques

160 950 326 969 l’adminisrration
341 950 364 968 de
380 950 429 969 leurs
443 951 535 971 dioceses,
551 955 570 969 et
584 951 608 969 de
624 951 714 975 pourvoir
727 950 738 968 ὲ
752 950 770 969 la
784 957 831 969 con-

161 982 236 1000 science
250 982 284 1000 des
299 982 364 1000 fideles
378 988 401 1000 en
416 988 438 1000 ce
447 982 479 1006 qui
494 988 587 1001 coneerne
601 981 716 1000 l’alie'nation
731 982 765 1000 des
776 982 830 1000 biens

161 1013 316 1037 ecclesiastiques
326 1013 405 1037 usurpes
416 1019 450 1037 par
464 1013 481 1031 le
491 1017 647 1038 gnuvernement,
658 1019 670 1031 a
676 1013 724 1038 juge
733 1016 829 1037 opportun

162 1044 266 1068 d’envoyer
280 1050 318 1062 aux
333 1044 444 1063 Ordinaires
454 1044 481 1063 les
496 1044 617 1063 instructions
631 1048 650 1062 et
664 1044 692 1062 les
706 1044 796 1068 pouvoirs
806 1044 830 1062 ci-

159 1076 224 1100 joints.
239 1075 301 1094 visant
318 1076 401 1094 certains
420 1082 451 1094 cas
465 1075 507 1100 plus
525 1075 621 1099 pratiques
635 1079 654 1094 et
669 1075 710 1099 plus
727 1075 829 1099 frequents.

203 1106 342 1125 Relativement
355 1113 393 1125 aux
407 1107 460 1125 biens
475 1106 591 1127 immenbkes.
607 1106 632 1125 Sa
647 1106 732 1125 Saintete
749 1106 830 1125 aecorde

162 1144 198 1156 aux
213 1138 325 1156 Ordinaires
343 1138 360 1156 le
379 1138 459 1162 pouvoir
478 1138 515 1156 soit
528 1137 642 1156 d’admettre
656 1138 667 1156 a
681 1143 718 1156 une
734 1137 830 1161 eqmtable
