921 1304
320 50 345 64 Ex
355 50 439 64 saraam
450 49 521 64 Br'evium
728 50 754 64 135

84 111 127 123 mos
140 105 198 130 erigit
208 105 273 129 eisque
287 105 375 123 solatium
389 105 448 125 affert.
459 105 539 123 infirmis
552 109 629 129 'quoque
643 105 754 129 corporibus

84 136 177 154 medetur.
199 136 266 161 Neque
280 141 372 155 terrarum
387 136 503 160 potentibus,
518 136 550 161 qui
565 136 605 154 sive
624 136 698 161 opibus,
714 136 753 154 sive

83 166 169 185 humana
183 167 267 188 seientia.
283 167 322 185 sive
337 167 395 185 etiam
414 167 494 191 publicis
509 166 618 185 muneribus
632 167 682 188 elati,
697 167 755 185 fidem

84 204 142 223 saepe
153 198 183 217 vel
196 198 309 223 despiciunt.
320 198 350 217 vel
364 199 381 217 ei
392 205 426 223 pro
440 199 512 217 viribus
526 199 655 220 adversantur.
667 198 701 217 sed
713 198 756 217 sim-

84 229 166 254 plicibus
179 229 222 248 filiis
236 230 275 248 suis
288 234 308 248 et
321 230 372 249 haud
386 232 429 249 raro
443 230 526 254 parvulis
540 236 610 249 arcana
620 230 715 249 Dominus
727 236 756 248 re-

84 260 144 279 velati
157 261 185 279 Ita
196 261 273 285 quidem
283 261 366 286 Lapurdi
381 261 399 280 in
409 261 476 280 Gauiis
490 261 559 283 evenit,
570 261 601 280 ubi
616 261 755 286 quinquaginta

84 292 155 311 abhinc
172 292 228 310 annis
249 299 282 316 per
296 296 413 317 sequestrem
427 292 527 317 Virginem
548 292 612 311 divina
627 292 756 311 misericordia

85 323 186 341 manifesta
200 324 294 348 apparuit.
316 323 365 342 Cum
379 324 429 342 enim
444 324 530 348 Deipara
543 323 591 342 labis
613 324 676 342 nescia
690 323 755 342 humili

84 354 160 379 puellae
174 355 193 373 in
205 359 272 379 crypta
286 361 335 379 quae
349 361 409 379 prope
423 354 469 374 illud
484 355 575 380 oppidum
590 359 650 379 patet,
660 361 683 373 ac
696 354 756 380 vulgo

83 386 107 404 de
121 386 242 405 Massaln‘elle
257 391 380 411 nuncupatur,
392 393 434 405 sese
449 387 519 411 pluries
533 384 689 411 conspiciendam
702 386 756 404 obtu-

84 418 140 436 lisset
153 422 173 436 et
186 418 248 442 ipsam
262 422 318 442 atque
335 418 422 437 homines
436 418 534 437 universos
548 422 599 437 esset
618 417 755 443 poenitentiam

83 456 145 474 agere
154 450 235 470 hortata,
246 449 348 468 coelestem
358 450 407 468 hunc
417 450 478 468 visum
493 450 601 474 omnigenis
615 449 681 474 gratiis
693 448 756 473 prodi·
765 469 767 471 v

83 481 162 506 giisque
176 480 299 499 confirmavit.
316 480 371 499 Unde
385 481 454 499 factum
469 485 503 502 est,
515 485 535 499 ut
548 481 573 499 ad
588 484 700 505 perpetuam
715 486 756 504 por-

84 512 134 530 tenti
149 512 258 530 memoriam
273 511 370 536 templum,
381 511 438 530 divite
454 515 521 530 ornatu
535 511 631 532 decorum,
641 511 667 529 ibi
680 515 756 529 extrue-

85 547 143 564 retur,
159 543 238 562 minoris
258 543 328 561 deinde
343 543 434 562 Basilicae
449 540 503 561 titulo
519 549 541 561 ae
556 542 660 567 privilegiis
674 541 756 566 locuple-

85 578 154 595 tatum,
169 581 208 599 quo
222 580 264 592 curn
286 574 356 598 pariter
376 579 433 599 atque
447 574 471 593 ad
486 578 572 598 cryptam
593 573 756 598 frequentissimus

86 606 140 624 omni
154 609 240 630 tempore
254 610 274 624 et
285 611 309 623 ex
324 605 374 624 omni
390 606 466 624 natione
481 605 546 629 populi
561 611 663 623 concursus
675 604 758 623 celebra-

85 641 139 656 retur
153 637 229 662 pietatis
243 637 310 655 Matris
330 636 445 661 imploraturi
460 643 483 655 ac
494 643 560 662 saepe
578 637 676 655 exorantis
693 642 756 660 opem.

85 668 142 687 Felix
156 668 188 686 illa
200 668 266 686 civitas
280 662 441 687 ununi‘nune'eic
455 668 543 687 maximis
557 668 608 686 orbis
622 668 756 688 sanctuarium,

85 699 193 718 catholicae
206 699 292 718 veritatis
313 697 448 720 testimonium,
463 699 549 724 possidet
563 705 585 718 ac
602 703 670 718 tuetur.
685 699 756 717 Verum

85 736 131 748 cum
141 730 252 754 propediem
266 730 435 755 quinquagesimus
449 731 518 755 agatur
532 737 599 752 annus,
614 737 626 749 a
635 736 673 755 quo
683 730 708 749 ob
718 734 757 748 tam

87 761 187 780 mirificum
201 761 272 780 factum
286 762 347 780 cultus
364 768 412 787 erga
426 762 530 786 Deiparam
545 762 645 787 Virginem
660 762 700 780 sine
715 761 758 780 labe

86 797 201 818 conceptam
214 793 293 818 eiusque
303 793 383 812 §smum
392 794 493 812 Rosarium
503 794 565 818 magis
579 793 679 818 magisque
688 793 707 811 in
717 793 758 811 dies

86 825 168 846 auxerit,
179 825 220 843 Nos
233 831 272 849 quo
286 825 366 849 insignis
380 825 487 843 huiusmodi
503 824 586 843 miraculi
601 824 757 843 commemoratio

87 856 108 875 in
123 856 199 875 uberius
212 856 318 876 animarum
333 856 403 875 bonum
418 856 479 877 cedat,
490 855 597 881 spirituales
607 855 704 874 Ecclesiae
718 855 757 873 the-

87 894 161 909 sauros,
172 894 252 912 quorum
266 887 414 912 dispensatores,
424 887 469 906 licet
483 887 578 912 indignos,
589 887 630 905 Nos
644 892 687 905 esse
697 886 757 904 voluit

88 919 205 940 Altissimus,
213 919 278 937 libenti
288 919 364 943 quidem
375 919 438 937 animo
446 918 560 937 reserandos
569 919 683 937 censuimus.
693 918 758 941 Quare

86 950 177 968 omnibus
192 950 289 974 utriusque
304 956 361 968 sexus
371 946 497 971 Xtifidelissus,
508 950 540 974 qui
549 946 594 968 'vere
609 949 729 974 poenitentes
740 952 759 967 et

86 981 171 1000 confessi
185 987 207 999 ae
221 980 240 999 S.
252 981 391 999 Communione
406 980 475 1001 refecti,
493 984 579 1004 cryptam
593 986 651 1004 quarn
666 985 723 1003 supra
733 979 759 997 di-

86 1011 157 1031 ximus.
173 1011 254 1030 civitatis
269 1010 402 1034 Lapurdensis,
423 1011 471 1029 intra
489 1010 535 1029 fines
549 1010 639 1028 Tarbien.
657 1009 758 1030 dioecesis,

87 1048 128 1060 uno
142 1042 186 1060 anni
200 1041 237 1063 die,
248 1042 272 1060 ad
286 1042 378 1066 cuiusque
392 1041 475 1060 fidelium
490 1041 587 1059 arbitrium
602 1041 697 1066 eligendo,
706 1046 718 1059 a
727 1040 759 1058 die

87 1079 109 1092 xl
124 1073 231 1094 Februarii,
251 1073 323 1097 primae
344 1073 440 1097 Deiparae
455 1072 540 1097 Virginis
554 1072 687 1097 Apparitionis
708 1072 759 1090 anni-

87 1105 180 1126 versario.
200 1105 280 1129 proximi
300 1104 344 1123 anni
365 1110 440 1123 mcnvm
459 1110 519 1128 usque
536 1104 560 1122 ad
574 1104 624 1122 diem
639 1103 709 1128 pariter
724 1103 758 1121 Fe-

88 1135 160 1154 bruarii
181 1135 302 1154 undecimum
323 1135 419 1160 sequentis
437 1135 482 1154 anni
502 1141 564 1154 mcutx
583 1134 651 1153 devote
670 1134 760 1153 visitave-
