921 1304
179 55 206 69 151
382 54 408 69 Ex
418 54 433 69 S.
446 55 566 74 Congregatsana
578 55 640 69 enacim

177 115 223 128 vera
237 116 314 128 suorum
329 109 434 128 filianorurn
448 109 467 128 in
481 109 532 129 dieta
546 109 705 128 confraternitatis
721 109 801 128 eeclesia
819 113 845 128 tu-

179 140 321 161 mulandorum;
337 140 393 164 idque
408 146 432 159 eo
446 140 475 159 vel
491 140 552 165 magis
566 140 617 165 quod
632 141 651 159 in
669 140 727 159 Bullis
746 141 846 159 erectionis

177 171 269 190 ecelesiae
284 175 303 190 et
318 171 436 196 Collegiatae
450 171 547 190 adduntur
560 169 654 190 'clausulae
672 179 681 189 ι
691 171 743 190 salvo
758 172 798 190 iure
816 178 846 196 pa·

178 202 266 221 rochialis
279 202 371 221 eeclesiae
381 210 399 224 t,
414 207 434 221 et
451 210 460 221 ‹
471 204 511 222 sine
525 202 603 222 alicuius
617 203 733 228 praeiudicio
743 210 761 221 ι.

220 235 262 253 Hoc
276 234 383 254 confirmari
398 235 472 253 videtur
486 241 509 253 ex
524 235 606 259 quodam
621 235 726 254 inventario
744 234 846 259 parochiali

178 266 197 285 S<
214 266 263 285 Petri
277 265 315 285 diei
333 272 356 285 ιο
370 266 422 291 Sept.
441 271 497 290 1743,
513 266 543 285 ubi
558 266 582 285 de
597 266 693 285 funeribus
706 266 787 284 edicitur
796 265 846 290 quod

182 304 191 315 «
201 298 219 316 in
234 297 314 316 ecclesia
329 297 437 322 Collegiata
451 297 558 322 praecipue.
573 297 617 316 lieet
631 297 709 316 fundata
722 297 741 316 in
755 297 796 316 solo
811 297 847 316 La-

179 329 279 349 teranensi.
296 328 389 347 Plebanus
403 328 443 347 sive
457 329 498 347 eius
512 328 634 353 cappellanus
648 333 724 347 curatus
738 329 757 347 in
766 328 808 347 eius
817 328 847 347 de·

179 359 257 381 fectum.
272 366 306 384 per
324 360 482 379 consuetudinem
497 360 665 379 immemorabilem
683 364 702 379 et
716 360 847 381 inveteratam,

178 397 253 415 semper
267 391 311 409 feeit
325 395 344 409 et
357 391 382 410 de
396 391 490 415 praesenti
506 391 549 410 facit
563 391 677 410 functionem
692 391 788 410 funebrem
808 395 847 410 tum

178 422 302 441 saecularium
316 426 356 441 tum
373 422 516 443 canonicorum.
532 423 547 441 si
562 422 641 441 illorum*
653 423 752 448 contingat
768 429 819 441 mors
828 430 845 441 ι.

179 453 231 472 Idem
251 458 326 472 constat
342 460 367 472 ex
386 454 507 472 attestatione
521 454 558 472 diei
575 460 595 472 21
613 454 660 472 Dec.
679 454 726 478 1805
742 454 848 478 subscripta

179 491 190 503 a
205 485 290 509 pluribus
304 485 385 504 testibus
399 485 454 504 etiam
471 485 600 504 sacerdotibus
614 486 653 504 sive
668 485 796 504 saecularibus
809 486 847 504 sive

179 516 307 541 regularibus:
330 517 375 535 item
392 517 430 535 duo
447 516 494 535 aliae
514 516 584 535 similes
601 516 733 541 depositiones
751 521 848 541 praestant

179 547 217 565 diei
226 553 247 566 ²1
260 547 311 572 Aug.
323 548 371 571 1805
382 551 402 566 et
413 554 434 571 3¹
447 548 499 572 Aug.
514 548 568 566 1806.
579 548 680 567 Praeterea
689 554 746 573 quum
756 554 786 566 an.
798 548 847 571 1824

178 583 245 597 exorta
259 578 314 597 fuerit
328 579 416 603 quaestio
430 579 479 597 inter
494 579 596 597 Flebanum
606 583 625 598 et
635 579 737 598 canonicos
747 579 796 598 circa
806 579 847 598 sun·-

179 610 252 628 ctiones
268 609 371 628 funerarias
385 610 404 628 in
419 609 526 634 Collegiata
542 610 673 635 perag-endas,
689 610 798 634 Capitulum
813 610 847 629 La-

179 644 280 660 teranense
294 640 392 665 eitpedivit
406 641 481 666 quidem
497 641 617 660 monitorium
632 647 689 666 super
706 642 848 660 manutentione

179 672 198 691 in
212 672 303 691 exercitio
317 672 424 691 ordinariae
438 672 580 693 iurisdictionis:
596 673 629 691 sed
644 679 701 691 causa
714 677 756 691 acta
771 673 789 691 in
804 679 848 697 pos-

179 703 263 722 sessorio
277 710 341 722 coram
358 703 455 722 Tribunali
474 703 573 728 Collegiali
591 704 663 728 primae
681 704 768 722 istantiae
782 704 810 722 A.
823 704 846 722 C.

179 734 210 753 die
226 741 247 753 2¹
265 731 385 759 Aug-'1823
396 734 500 753 advocatus
511 735 587 759 parochi
598 735 675 759 Caprini
691 735 795 759 praefatum
811 742 848 753 mo-

179 766 268 785 nitorium
283 766 377 784 moderari
391 766 478 785 obtinuit.
494 766 551 790 Quod
566 766 622 785 etiam
637 766 759 785 confirmatur
772 772 797 785 ex
811 766 848 791 epi>

179 797 234 818 stola,
249 803 306 822 quam
320 797 351 816 die
366 799 377 816 6
392 797 445 822 Sept.
460 797 545 816 eiusdem
560 798 604 816 anni
619 797 678 816 Emus
688 797 743 816 Card.
755 798 847 816 Testal'er-

178 833 220 848 rata
234 829 309 853 scripsit
322 829 347 848 ad
362 830 465 854 parochum
480 829 563 854 Caprini.
578 829 640 848 eidem
657 829 756 854 gratulans
771 830 796 848 de
813 829 848 848 sibi

179 861 279 886 recognito
294 861 333 879 iure
347 861 444 880 funerandi
459 862 478 880 in
493 861 605 886 Collegiata.

220 892 269 911 Cum
283 892 340 917 igitur
350 898 374 910 ex
383 892 439 910 dictis
453 892 537 916 parocho
551 892 570 910 S.
581 892 630 910 Petri
643 896 752 916 competere
763 892 850 910 videatur

179 923 209 942 ius
224 923 321 942 funerandi
339 923 357 941 in
372 923 489 948 Collegiata,
505 924 541 942 hoc
558 923 600 947 ipso
618 927 728 947 competere
745 923 807 942 eidem
824 923 850 941 vi-

179 954 235 973 detur
249 955 278 973 ius
292 954 369 973 missam
384 954 502 979 exequialem
517 954 587 973 ibidem
601 954 673 976 litandi,
690 959 709 973 et
723 955 787 973 omnia
796 961 850 973 emo-

179 986 264 1005 lumenta
278 986 372 1004 funeraria
386 986 508 1011 percipiendi,
524 986 602 1011 dempta
616 991 688 1011 quarta.

221 1018 322 1036 Caeterum
338 1017 441 1042 parochum
455 1017 474 1036 S.
490 1018 539 1036 Petri
554 1017 621 1036 saltem
632 1017 793 1036 manutenendum
806 1023 850 1036 esse

179 1049 198 1067 in
217 1055 252 1067 suo
270 1049 310 1067 iure
328 1048 433 1073 peragendi
448 1049 538 1073 exequias
555 1049 573 1067 in
588 1049 704 1073 Collegiata,
723 1052 798 1073 praeter
812 1049 850 1067 iam

179 1080 262 1100 adducta
276 1080 388 1099 confirmant
402 1084 440 1099 tres
449 1086 474 1099 ex
484 1085 527 1099 octo
541 1080 621 1099 testibus
631 1080 701 1101 iuratis,
712 1080 743 1104 qui
755 1086 785 1099 an.
800 1086 848 1104 ¹905

180 1119 192 1131 a
206 1113 264 1131 Curia
277 1112 351 1131 excussi
367 1116 415 1132 sunt.
426 1112 496 1136 quique
506 1111 641 1136 deposuerunt,
652 1117 685 1130 eas
695 1117 706 1130 a
715 1111 757 1130 solo
767 1112 851 1136 parocho

180 1144 277 1168 hucusque
292 1142 397 1168 persolutas
411 1143 473 1161 fuisse.
490 1143 519 1161 De
534 1143 569 1161 hac
584 1148 604 1161 re
619 1148 685 1161 reeens
699 1142 809 1167 exemplum
820 1142 851 1161 ha-
