921 1304
163 49 190 62 166
300 49 325 63 Et
335 49 350 63 S
363 50 379 64 C.
391 49 517 69 Indulgenn'arum
529 53 543 64 et
553 50 579 64 SS.
591 50 692 69 Reliquiarum

162 102 232 121 dictum
247 107 347 127 utrumque
362 103 473 128 rescriptum
494 104 552 122 etiam
573 104 597 122 ad
614 104 671 123 hasce
692 104 782 123 ecclesias
799 110 831 123 ex-

161 133 256 152 tendatur.
271 133 320 152 Hinc
335 138 355 152 ut
370 140 426 153 omne
440 134 518 153 dubium
532 140 543 153 e
558 135 621 153 medio
635 134 721 156 tollatur,
736 135 832 159 praefatus

162 168 226 183 oratur
235 165 344 183 humillimis
351 165 440 189 precibus
449 165 549 190 supplicat,
560 170 581 190 ut
590 166 685 184 Sanctitas
694 166 737 185 Tua
747 167 832 191 benigne

162 196 252 221 dignetur
265 195 367 218 declarare,
384 197 414 215 vel
429 197 447 215 in
460 201 552 221 quantum
566 203 614 222 opus
628 201 658 216 est
667 197 691 216 de
705 203 755 216 novo
765 203 833 216 conee-

163 227 209 246 dere
223 227 354 246 extensionem
369 228 447 252 praefati
463 228 559 253 utriusque
580 228 666 253 rescripti
687 229 711 247 ad
732 235 798 247 omnes
812 232 833 247 et

163 258 254 283 singulas,
269 253 316 277 tum·
324 263 435 283 praesentes
449 266 507 284 quum
521 260 593 278 futuras
606 259 702 281 ecclesias,
717 266 766 284 quae
777 266 789 279 a
798 260 833 278 Pa-

163 289 224 308 tribus
237 289 346 314 praedictae
360 290 471 309 Provinciae
485 291 520 309 sub
534 290 663 309 iurisdictione
684 290 831 315 Episeopormn,

163 324 184 338 ut
191 320 301 344 praefertur,
308 321 468 340 administrantur.
477 321 509 340 Ad
517 328 603 340 normam
611 321 656 340 dicti
664 322 761 346 utriusque
769 322 835 340 rescri-

163 351 190 376 pti
197 351 327 376 indulgentiae
335 352 410 371 fuerunt
415 352 487 377 populo
494 352 607 377 publicatae,
616 359 666 377 quae
673 359 719 372 sane
729 353 834 377 publicatio

164 383 205 401 sine
220 389 290 408 magna
304 383 369 408 populi
383 384 509 403 admiratione
522 384 620 402 intermitti
635 390 673 402 non
684 390 742 409 posse
752 384 834 402 videtur.

205 414 268 438 Quam
282 415 364 440 gratiam
378 419 415 434 etc.

204 445 275 464 Sanus
292 446 348 464 Dnus
367 446 437 465 Noster
455 446 499 465 Pius
515 446 550 466 FP.
566 446 593 468 X,
611 446 630 464 in
647 446 745 465 audientia
768 446 837 465 habita

164 477 196 495 die
211 478 235 495 26
250 477 298 496 Iunii
311 483 359 501 1907
370 478 395 496 ab
406 478 527 502 infrascripto
538 477 594 496 Czrd.
605 477 702 496 Praefecto
714 477 733 497 S.
742 477 838 496 c.1ndu1-

164 508 235 533 gentiis
249 508 349 533 Sacrisque
364 508 456 533 Reliquiis
471 509 597 533 praepositae,
612 508 696 533 benigne
715 509 781 527 annuit
799 514 838 533 pro

164 540 227 564 gratia
242 540 293 558 iuxta
307 546 379 564 preces.
395 540 492 558 Praesenti
507 540 525 558 in
540 543 652 564 perpetuum
666 539 747 558 valituro
761 540 838 564 absque

165 570 203 589 ulla
217 570 282 589 Brevis
297 571 426 595 expeditione.
445 571 551 590 Contrariis
570 571 721 595 quibuscumque
742 577 780 590 non
801 571 838 589 ob-

165 601 265 620 stantibus.

246 632 318 651 Datum
325 633 399 652 Romae
408 639 419 651 e
429 633 535 651 Secretaria
542 632 628 651 eiusdem
635 632 654 651 S.
664 632 837 658 Congregationis‚

166 664 197 682 die
213 665 237 682 26
252 664 299 683 lunii
317 670 372 688 1907.

309 700 329 719 S.
343 700 400 719 Casd.
416 700 509 722 CRETom,
525 700 637 724 Praefictus.

334 733 344 754 †
358 732 381 750 Β,
398 731 467 752 Panici.
482 731 573 756 Archiep.
588 731 696 752 Laodicen..
713 730 838 749 Sacratarius.

167 805 254 827 Augetur
262 806 380 827 indulgentia
386 812 422 828 pro
427 808 545 824 iaculatorla
557 808 567 816 “
574 807 702 824 Notre-Dame
710 806 734 823 tle
745 806 840 826 Low-des,

213 833 266 853 priez
277 838 326 854 pour
337 839 387 851 nous
394 846 410 854 ,,.

254 875 272 893 T
271 877 299 894 νὲς
314 876 373 894 Saint
386 876 439 897 pm,

169 932 171 934 .
202 915 386 939 'Francois—Xavier
400 916 504 940 Schoepfer,
520 915 599 940 Eveque
620 915 644 934 de
658 915 738 936 Tarbes,
753 913 841 933 humble—

170 951 222 965 ment
236 947 335 971 prosterne
352 953 389 966 aux
403 947 457 972 pieds
471 947 495 965 de
510 947 569 966 Votre
584 946 678 968 Saintete,
694 946 712 965 la
726 945 799 970 supplie
812 945 841 964 de

169 978 250 1003 daigner
264 982 328 1002 porter
342 978 353 996 a
365 979 412 997 trois
426 982 479 997 cents
490 979 549 1003 jours,
560 978 612 996 toties
625 978 700 1002 quoties,
710 977 841 1002 l’induigence

169 1010 193 1028 de
203 1014 247 1028 cent
258 1010 317 1034 jours,
328 1009 434 1034 applicable
449 1010 500 1028 aussi
514 1016 551 1028 aux
561 1010 614 1028 ames
628 1009 653 1027 du
668 1008 785 1033 Purgatoire,
795 1008 842 1032 dsja

170 1041 262 1060 accordee
277 1048 311 1065 par
325 1041 341 1060 Ie
352 1041 398 1060 Bref
409 1041 433 1059 du
451 1047 473 1065 23
484 1041 526 1065 Juin
540 1046 595 1063 1902,
605 1040 617 1059 ὲ
628 1044 671 1059 tous
685 1040 713 1059 les
728 1039 793 1058 fideies
806 1040 841 1063 qui

169 1073 292 1091 devoteinent
311 1073 412 1091 reciteront
421 1074 443 1093 ,la
454 1072 575 1097 jaculatoire:
591 1072 727 1090 Natu—Dama
743 1071 765 1089 de
779 1071 843 1089 Lour—

171 1104 207 1125 des,
218 1105 274 1128 pris:
283 1107 336 1129 pour
348 1111 399 1123 nous.

212 1136 237 1154 Et
251 1142 288 1160 que
303 1136 359 1157 Dieu,
374 1140 410 1154 etc.
